3974 6256
301 380 427 436 1561

969 376 1412 435 CONFUTATIO
1449 376 1893 444 QUORUMDAM
1937 378 2398 436 ARISTOTELIS
2439 380 2845 438 DOGMATUM.

3431 384 3572 438 1562

296 501 519 572 ἐτέρων,
552 498 655 570 τῆς
685 500 743 553 ὲν
796 499 1186 571 εὐκινητοτάτῃ
1233 498 1413 554 αὐτῶν
1445 499 1604 571 οὐσίᾳ
1646 518 1877 572 πεποιη-

1987 502 2113 554 tur?
2143 500 2240 555 Sin
2274 501 2481 557 moveri
2512 503 2778 572 Oportuit,
2809 517 2911 557 cur
2938 518 3047 557 non
3079 517 3177 572 per
3206 517 3421 572 seipsas
3450 519 3569 557 mo-

297 592 455 654 κυίας
486 591 627 645 αὐτά
652 591 884 663 ἀκίνητα
921 592 1043 646 καθ’
1067 593 1240 658 αὖτά;
1268 593 1331 645 Et
1354 594 1411 645 ὲν
1429 595 1544 655 τοῖς
1575 592 1768 655 ἀϊδίοις
1797 593 1883 644 ού-

294 684 379 737 δὲν
409 684 557 755 παρά
590 682 771 752 φύσιν,
828 684 977 756 παρά
1011 683 1171 754 φύσιν
1222 684 1278 737 δὲ
1322 684 1385 737 τὸ
1427 684 1614 737 οὐσίαν
1658 684 1755 754 μὲν
1786 685 1879 736 καὶ

298 776 483 846 σχῆμα
516 776 661 845 ἔχειν
716 777 1040 845 ἀεικίνητον,
1090 776 1279 830 στάσιν
1330 778 1388 830 δὲ
1435 776 1717 847 ἀκίνητον·
1770 778 1878 848 ἄρα

295 868 397 919 οὐκ
424 867 568 920 ἀΐδια
599 867 666 920 τά
701 870 759 920 ἐν
789 862 870 931 οἷς
900 868 961 920 τὸ
992 866 1143 939 παρά
1190 868 1371 937 φύσιν,
1422 868 1454 939 ἢ
1498 867 1690 937 ψευδὲς
1727 868 1789 921 τὺ
1820 872 1878 922 ὲν

296 958 406 1020 τοῖς
425 957 616 1021 ἀϊδίοις
635 958 785 1011 οὐδὲν
802 960 951 1031 παρὰ
972 959 1151 1029 φύσιν.
1182 961 1243 1013 Ei
1269 960 1419 1013 οὐδὲν
1441 959 1551 1013 τῶν
1578 960 1878 1031 ἀγενήτων,

295 1047 419 1102 οὔτε
451 1049 481 1102 ὃ
525 1050 637 1119 ἔχει
692 1051 815 1104 οὔτε
848 1052 876 1105 ὃ
921 1054 995 1124 μὴ
1057 1052 1193 1122 ἔχει,
1240 1050 1381 1105 κατά
1436 1052 1691 1123 πρόνοιάν
1732 1069 1877 1116 τινος

293 1141 407 1211 ἔχει
440 1141 474 1212 ἢ
508 1143 608 1195 οὐκ
644 1142 756 1213 ἔχει
776 1160 790 1173 ο
822 1143 961 1207 πῶς,
990 1145 1039 1197 εί
1066 1146 1327 1214 ἀγένητος
1358 1144 1386 1195 ὁ
1406 1143 1633 1215 οὐρανὸς
1666 1145 1759 1197 καὶ
1806 1144 1875 1196 τὰ

293 1232 489 1304 ἄστρα,
520 1234 660 1287 κατά
694 1235 951 1305 πρόνοιαν
979 1236 1079 1306 τῆς
1129 1236 1344 1306 φύσεως
1370 1235 1600 1306 ὄργανον
1637 1236 1733 1306 μὲν
1775 1236 1876 1287 οὐκ

294 1324 406 1394 ἔχει
452 1310 740 1397 κινήσεως,
778 1329 963 1398 σχῆμα
1011 1328 1068 1381 δὲ
1128 1328 1243 1399 ἔχει
1279 1328 1564 1400 σφαιρικὸν
1616 1328 1735 1381 ἀντὶ
1779 1327 1873 1381 τοῦ

291 1415 546 1486 ὀργάνου,
592 1418 727 1489 πρὸς
749 1420 849 1491 τὴν
878 1421 1077 1491 συνεχῆ
1121 1420 1332 1492 κίνησιν
1360 1420 1791 1492 ἐπιτηδειότερον
1815 1419 1875 1475 ὃν

291 1507 399 1560 τῶν
432 1510 772 1580 πορευτικῶν
799 1512 1044 1582 ὀργάνων
1064 1529 1079 1577 ;

1979 600 2199 653 ventur,
2233 594 2327 647 sed
2358 609 2457 663 per
2484 595 2590 647 alia
2616 612 2631 660 ;
2663 610 2788 648 cum
2819 602 3039 658 natura,
3072 610 3196 664 quae
3225 596 3279 648 in
3309 596 3571 650 substan-

1980 684 2053 735 tia
2076 698 2265 737 earum
2295 685 2360 737 ad
2388 686 2715 738 movendum
2740 686 3047 754 aptissima.
3078 693 3138 739 ut
3171 702 3265 755 per
3291 702 3349 739 se
3375 686 3571 739 immo-

1977 776 2117 830 biles
2160 775 2290 838 sint,
2324 775 2471 837 fecit,
2507 776 2685 832 facere
2715 782 2978 847 potuerit,
3022 787 3080 832 ut
3113 794 3209 849 per
3252 780 3467 849 seipsas
3503 798 3569 833 eo

1980 874 2334 921 moverentur
2361 877 2533 930 motu,
2560 884 2671 938 quo
2711 886 2859 923 nunc
2884 887 2979 940 per
3017 872 3123 924 alia
3151 873 3480 926 moventur?
3511 873 3563 926 Si

1976 958 2031 1011 in
2059 960 2224 1013 rebus
2272 962 2493 1015 wternis
2526 961 2660 1014 nihil
2692 968 2891 1030 praeter
2929 972 3184 1015 naturam
3214 972 3333 1027 est;
3369 972 3572 1033 prtetcr

1980 1060 2236 1105 naturam
2264 1060 2444 1105 autem
2480 1062 2588 1115 est,
2624 1054 2991 1108 substantiam
3017 1056 3239 1124 quidem
3289 1056 3489 1109 habere
3518 1065 3573 1109 ct

1978 1142 2208 1198 formam
2242 1152 2506 1213 perpetuo
2543 1145 2820 1210 mobilem,
2849 1148 3203 1204 stabilitatem
3234 1154 3573 1208 veroimmo-

1979 1236 2145 1292 bilem
2172 1257 2184 1292 :
2221 1255 2329 1293 non
2354 1254 2487 1309 ergo
2512 1248 2716 1292 aeterna
2751 1239 2806 1293 in
2829 1240 3032 1308 quibus
3060 1249 3145 1295 est
3175 1253 3374 1312 praeter
3408 1254 3573 1299 natu-

1977 1345 2095 1383 ram
2131 1331 2336 1401 aliquid
2372 1352 2387 1389 :
2424 1340 2518 1385 aut
2547 1332 2681 1386 illud
2705 1331 2902 1388 falsum
2928 1344 3032 1395 est,
3079 1336 3134 1388 in
3166 1336 3329 1393 rebus
3352 1340 3572 1394 aeternis

1978 1422 2118 1476 nihil
2140 1438 2265 1479 esse
2297 1431 2495 1494 praeter
2520 1432 2798 1480 naturam.
2835 1423 2894 1478 Si
2940 1426 3077 1479 nihil
3116 1428 3417 1499 ingenitum
3444 1449 3573 1501 pro-

1979 1514 2220 1568 videntia
2243 1515 2479 1584 alicujus
2513 1516 2677 1570 habet
2711 1518 2796 1571 vel
2827 1533 2936 1571 non
2984 1518 3169 1582 habet,
3204 1520 3257 1573 id
3290 1523 3437 1591 quod
3470 1524 3571 1577 ba-
3618 1542 3621 1545 ·

294 1601 384 1656 bet
413 1604 496 1657 vel
530 1619 638 1658 non
681 1605 876 1661 habet:
917 1606 1214 1676 quomodo,
1258 1607 1303 1661 si
1336 1606 1638 1676 ingenitum
1668 1606 1869 1660 cadum
1908 1614 1964 1662 et
1995 1610 2190 1672 stella:,
2254 1610 2596 1679 providentia
2626 1619 2842 1665 naturae
2886 1611 3316 1669 instrumentum
3349 1615 3570 1685 quidem

294 1704 478 1753 motus
500 1715 605 1753 non
633 1699 851 1767 habent,
884 1701 1115 1755 formam
1139 1709 1319 1757 autem
1360 1701 1641 1771 globosam
1668 1701 1871 1756 habent
1902 1718 2004 1773 pro
2036 1704 2426 1770 instrumento,
2462 1721 2586 1776 qua:
2640 1704 2709 1759 ad
2741 1714 2950 1761 motum
2983 1709 3309 1763 continuum
3364 1710 3568 1780 aptior,

292 1805 457 1860 quam
489 1793 737 1861 apposita
767 1794 831 1847 ad
867 1793 1271 1863 procedendum
1296 1793 1710 1848 instrumenta?

669 1884 756 1938 61.
800 1886 895 1939 Ἐκ
933 1886 1040 1941 τοῦ
1066 1887 1252 1941 αὑτοῦ
1281 1888 1489 1957 λόγου.

369 1992 390 2025 ι
429 1974 495 2027 Ἦ
531 1975 629 2046 μὲν
662 1976 876 2049 πρώτη,
926 1979 1024 2049 μία
1049 1975 1185 2033 οὖσα
1218 1979 1350 2051 (65),
1394 1980 1564 2033 πολλά
1596 1982 1736 2034 κινεῖ
1766 1981 1875 2033 τῶν

294 2068 566 2137 σωμάτων
597 2069 785 2122 Θείων·
831 2072 888 2122 αί
920 2070 995 2137 δὲ,
1031 2070 1223 2124 πολλαὶ
1243 2067 1419 2137 οὖσαι,
1454 2071 1513 2125 ἒν
1554 2073 1713 2141 μόνον
1747 2071 1877 2124 ἐκά-

292 2176 413 2231 στη.
451 2158 572 2213 Τῶν
600 2161 708 2232 γὰρ
741 2162 1109 2234 πλανωμένων
1146 2163 1205 2217 ἓν
1235 2162 1414 2217 ὁτιοῦν
1459 2164 1679 2227 πλείους
1712 2166 1875 2233 φέρε-

286 2269 377 2304 ται
408 2253 598 2323 φοράς.
637 2252 818 2325 Ταύτῃ
850 2272 908 2307 τε
937 2251 1029 2308 οὖν
1060 2254 1304 2320 ἀνισάξει
1337 2258 1369 2328 ὴ
1408 2256 1589 2327 φύσις,
1612 2256 1705 2309 καὶ
1735 2258 1880 2307 ποιεῖ

287 2361 406 2398 τινα
430 2344 603 2408 τάξιν,
624 2348 691 2417 τῇ
720 2347 817 2416 μὲν
845 2350 941 2418 μιᾷ
973 2351 1115 2420 φορᾷ
1142 2349 1313 2402 πολλά
1333 2349 1656 2403 ἀποδιδοῦσα
1692 2348 1878 2418 σώμα-

287 2453 376 2502 τα,
410 2436 491 2509 τῷ
521 2436 578 2490 δὲ
602 2438 683 2492 ἑνὶ
714 2437 923 2509 σώματι
945 2440 1144 2504 πολλὰς
1167 2442 1358 2515 φοράς.
1407 2443 1494 2495 Ἐν
1523 2441 1737 2504 πολλοῖς
1766 2442 1877 2513 γὰρ

289 2530 549 2603 σφαίραις
599 2533 632 2602 ἡ
687 2531 786 2602 μία
837 2531 949 2603 (64)
995 2535 1199 2605 σφαῖρα
1243 2533 1558 2606 ἐνδεδεμένη
1612 2535 1874 2606 φέρεταιο

288 2622 494 2695 ἑκάστη
529 2623 586 2677 δὲ
619 2626 821 2694 σφαῖρα
853 2623 1010 2696 σῶμα
1039 2624 1296 2695 τυγχάνει
1325 2625 1405 2680 ὅν.
1440 2644 1460 2677 ι

359 2802 423 2857 El
442 2803 551 2856 τῶν
585 2803 863 2875 ἀγενήτων
896 2821 957 2857 τε
986 2804 1081 2858 καὶ
1112 2804 1295 2858 ἀϊδίων
1321 2804 1516 2859 οὐσιῶν
1536 2805 1763 2878 ποιητὴς
1786 2806 1878 2859 οὐ-

286 2896 419 2960 δεὶς,
454 2896 575 2959 πῶς
613 2896 758 2950 ἀτδιά
789 2914 849 2949 τε
883 2898 976 2950 καὶ
1020 2898 1260 2970 ἀγένητα
1292 2898 1481 2964 ταῦτα,
1524 2894 1599 2953 ὧν
1638 2903 1671 2971 ἡ
1715 2899 1877 2970 φύσις

285 2987 389 3057 τῆς
419 2986 625 3054 τάξεώς
650 2989 764 3042 ἐστι
797 2989 1045 3061 ποιητὴς,
1077 2993 1142 3061 τῇ
1168 2991 1264 3060 μὲν
1284 2992 1380 3063 μιᾷ
1399 2992 1721 3045 ἀποδιδοῦσα
1755 2992 1878 3045 πολ-

286 3080 354 3133 λὰ
387 3079 639 3156 σώματα,
673 3080 752 3150 τῷ
773 3080 830 3133 δὲ
855 3081 934 3134 ἑνὶ
968 3080 1179 3152 σώματι
1196 3080 1396 3146 πολλὰς
1420 3081 1611 3154 φορὰς,
1644 3084 1713 3137 τὰ
1740 3084 1879 3156 πλή-

288 3171 357 3241 θη
384 3154 502 3225 τῶν
531 3172 627 3225 τοῦ
668 3173 786 3237 ἑνὸς
817 3172 1064 3244 σώματος
1098 3173 1279 3246 φορῶν
1316 3172 1577 3238 ίσάζουσα
1612 3176 1690 3247 τῷ
1733 3154 1872 3249 πλήν-

289 3264 371 3318 θει
402 3263 514 3317 τῶν
547 3265 833 3335 σωμάτων.
860 3267 924 3319 Εἰ
946 3266 1015 3321 τὰ
1041 3267 1281 3339 ἀγένητα
1293 3267 1464 3321 ταῦτα
1490 3269 1584 3323 καὶ
1615 3269 1870 3340 ἀποίητα,

287 3359 407 3421 πῶς
443 3358 714 3428 ἐνδέχεται
748 3362 806 3412 ὲν
849 3362 963 3423 τοῖς
1006 3362 1287 3432 ἀγενήτοις
1320 3363 1697 3434 πεποιημένην
1734 3359 1873 3417 εἶναι

285 3451 439 3515 τάξιν
482 3452 717 3522 φυσικήν
737 3452 997 3523 ;⁹Σφαῖρα
1029 3454 1235 3527 σφαίρᾳ
1276 3454 1616 3527 ἐνδεδεμένη.
1647 3456 1744 3527 τὴν
1777 3456 1875 3508 αύ-

286 3542 386 3614 τὴν
420 3541 619 3613 ἔχουσα
643 3543 826 3596 οὐσίαν
857 3544 921 3615 ἥν
938 3543 1104 3615 ἔχειὴ
1132 3547 1336 3616 σφαῖρα
1425 3546 1692 3600 ἐνδέδεται
1715 3564 1728 3576 ·
1756 3547 1874 3611 πῶς

288 3635 349 3686 ού
384 3634 631 3704 φαίνεται
665 3635 981 3707 ἀμφοτέρας
1028 3634 1225 3706 ἔχουσα
1263 3635 1362 3701 τὰς
1395 3638 1625 3701 ἀτοπίας
1670 3641 1727 3691 ὲν
1763 3642 1877 3702 τοῖς

289 3726 482 3789 ἀϊδίοις
515 3725 590 3798 μὴ
634 3726 1007 3799 ὑπαρχούσας,
1041 3726 1102 3779 τὸ
1137 3728 1312 3799 μάτην
1342 3728 1489 3801 ἔχειν
1520 3729 1618 3802 τὴν
1651 3731 1876 3803 κινητὴν

290 3819 477 3872 οὐσίαν
506 3819 628 3872 καθ’
668 3819 735 3890 ἥν
768 3820 829 3872 οὑ
860 3822 1111 3886 κινεῖται,
1142 3821 1311 3875 καὶτὸ
1336 3820 1488 3893 παρά
1518 3822 1680 3892 φύσιν
1713 3826 1879 3878 κινεῖ-

303 3911 425 3965 σθαι
460 3911 605 3965 κατά
648 3911 993 3984 συμϐεϐηκός
1012 3929 1026 3979 ;

434 4089 522 4144 62.
576 4091 669 4144 Ἐκ
704 4092 809 4146 τοῦ
841 4093 1040 4161 τρίτου
1071 4094 1258 4163 λόγου
1290 4094 1431 4163 Περὶ
1464 4096 1741 4163 οὐρανοῦ.

368 4200 388 4234 ι
426 4181 549 4234 Τῶν
578 4182 737 4252 φύσει
760 4184 1068 4255 γενομένων
1097 4184 1167 4237 τὰ
1198 4185 1299 4256 μέν
1325 4188 1464 4239 εἰσιν
1494 4187 1696 4251 ούσίαι,
1726 4188 1795 4241 τά
1823 4188 1879 4241 δὲ

296 4272 433 4346 ἔργα
478 4274 572 4327 καὶ
621 4274 766 4347 πάθη
810 4275 1036 4329 τούτων.
1072 4277 1231 4345 Λέγω
1269 4278 1325 4330 δὲ
1368 4278 1554 4343 οὐσίας
1590 4281 1688 4349 μὲν
1719 4280 1789 4333 τά
1820 4299 1879 4334 τε

296 4367 442 4420 ἁπλᾶ
475 4365 585 4438 (65)
620 4366 845 4439 σώματα
871 4408 885 4432 ,
920 4364 1031 4422 οἷον
1065 4367 1176 4440 πῦρ
1198 4409 1213 4434 ,
1248 4370 1342 4422 καὶ
1374 4370 1477 4441 γῆν
1501 4410 1515 4435 ,
1561 4372 1654 4424 καὶ
1686 4372 1755 4425 τὰ
1791 4373 1881 4427 σύ-

299 4476 486 4531 στοιχα
516 4461 746 4525 τούτοις,
782 4460 875 4514 καὶ
913 4464 978 4514 ὲκ
1006 4460 1232 4525 τούτων,
1268 4456 1380 4515 οἷον
1418 4462 1510 4515 τόν
1556 4482 1615 4518 τε
1664 4464 1880 4519 σύνολον

2126 1889 2215 1944 61.
2245 1888 2330 1943 Ea:
2361 1889 2541 1945 eodem
2568 1888 2723 1955 libro,
2754 1886 2909 1953 ibid.,
2941 1902 2990 1941 e.
3022 1886 3110 1948 12,
3141 1900 3193 1952 p.
3221 1883 3328 1937 291
3353 1898 3472 1949 seq.

2056 1992 2076 2024 ι
2110 1972 2293 2027 Prima
2320 1975 2565 2044 quidem,
2591 1990 2716 2029 cum
2751 1991 2859 2029 una
2891 1976 2985 2040 sit,
3020 1978 3189 2030 multa
3225 1991 3405 2033 movet
3431 1980 3572 2034 divi-

1979 2083 2049 2122 na
2072 2084 2339 2138 corpora;
2373 2070 2490 2125 istae
2522 2085 2673 2134 vero,
2701 2085 2827 2124 cum
2858 2070 3045 2139 plures
3078 2071 3210 2135 sint,
3248 2088 3417 2126 unum
3450 2081 3575 2127 tan-

1978 2170 2092 2215 tum
2118 2162 2281 2216 modo
2312 2163 2562 2232 singulae.
2612 2162 2929 2216 Errantium
2960 2165 3106 2217 enim
3147 2165 3401 2234 quaelibet
3449 2168 3571 2236 plu-

1977 2253 2133 2307 ribus
2164 2255 2342 2325 agitur
2372 2256 2635 2310 motibus.
2673 2255 2763 2309 Sic
2798 2256 2968 2322 igitur
2999 2256 3249 2325 adazquat
3294 2267 3487 2311 natura
3518 2269 3573 2312 et

1976 2343 2226 2398 ordinem
2269 2344 2559 2414 quemdam
2620 2345 2881 2411 instituit,
2938 2347 3032 2399 uni
3081 2348 3299 2416 quidem
3344 2350 3572 2401 motioni

1977 2436 2136 2505 plura
2194 2436 2506 2491 altrihuens
2566 2453 2825 2506 corpora,
2870 2445 2925 2491 et
2974 2439 3068 2492 uni
3124 2441 3343 2510 corpori
3386 2442 3573 2510 plures

1977 2526 2271 2583 motiones.
2322 2527 2581 2584 Pluribus
2610 2531 2758 2584 enim
2806 2530 3040 2601 spharris
3069 2548 3177 2585 una
3240 2533 3452 2602 spliazra
3494 2534 3575 2586 al-

1975 2619 2141 2689 ligata
2194 2618 2389 2674 fertur.
2448 2619 2804 2692 Unaquaeque
2868 2630 3051 2676 autem
3106 2623 3321 2693 sphaera
3371 2640 3572 2695 corpus

1976 2723 2081 2765 εει.
2120 2729 2138 2761 ι

2049 2801 2107 2856 Si
2140 2804 2509 2874 ingenitarum
2539 2813 2594 2860 et
2618 2790 2949 2862 internarum
2980 2808 3415 2864 substantiarum
3448 2810 3571 2863 nul-

1975 2892 2063 2947 lus
2094 2893 2367 2960 conditor,
2405 2898 2682 2965 quomodo
2698 2906 2899 2953 aeterna
2928 2899 3043 2953 haec
3071 2907 3124 2953 et
3155 2899 3416 2969 ingenita,
3444 2917 3573 2970 qun-

1977 2999 2100 3038 rum
2135 2992 2334 3039 natura
2367 2987 2582 3043 ordinis
2613 2998 2699 3044 est
2726 2990 2935 3060 opifex,
2968 2991 3061 3044 uni
3090 2991 3313 3060 quidem
3342 2993 3571 3045 motioni

1975 3075 2133 3146 plura
2192 3078 2503 3133 attribuens
2556 3095 2813 3150 corpora,
2856 3091 2910 3137 et
2959 3084 3055 3137 uni
3114 3084 3333 3152 corpori
3386 3083 3571 3153 plures

1977 3168 2275 3235 motiones,
2323 3186 2615 3225 numerum
2660 3172 2821 3242 583
2875 3174 3041 3229 unius
3083 3158 3335 3245 corporis
3383 3176 3573 3230 motio-

1973 3275 2105 3315 num
2136 3261 2433 3333 aquuans
2465 3280 2695 3319 numero
2725 3268 3059 3336 corporum?
3089 3266 3146 3320 Si
3186 3268 3429 3337 ingenita
3456 3267 3572 3323 hare

1973 3358 2028 3406 et
2050 3349 2275 3417 infecta,
2315 3353 2593 3422 quomodo
2615 3364 2793 3425 potest
2822 3357 2877 3411 in
2916 3358 3083 3413 rebus
3113 3358 3374 3426 ingenitis
3404 3358 3571 3412 insti-

1974 3449 2127 3498 tutus
2155 3459 2281 3500 esse
2309 3444 2446 3500 ordo
2479 3448 2789 3504 naturalis?
2822 3449 3048 3519 Sphaara
3080 3449 3308 3519 sphaera:
3329 3450 3571 3519 alligata,

1974 3535 2220 3592 eamdem
2250 3537 2460 3593 habens
2498 3540 2868 3594 substantiam
2905 3557 2970 3595 ac
3001 3542 3235 3611 sphazra,
3264 3540 3353 3595 cui
3393 3540 3573 3610 illiga-

1975 3635 2030 3682 ta
2060 3637 2163 3692 est,
2195 3630 2474 3699 quomodo
2503 3648 2610 3686 non
2644 3631 2865 3685 videtur
2903 3632 3179 3701 duplicem
3232 3630 3435 3684 habere
3474 3631 3573 3682 ab-

1977 3720 2327 3783 su'ditatem,
2356 3722 2412 3775 in
2458 3723 2626 3777 rebus
2659 3724 2883 3778 aeternis
2914 3739 3025 3777 non
3065 3731 3448 3777 occurrentem
3470 3760 3483 3784 ,
3518 3731 3573 3774 et

1975 3812 2123 3881 quod
2157 3810 2361 3867 frustra
2388 3813 2645 3868 mobilem
2696 3814 2896 3869 habeat
2942 3814 3335 3877 substantiam,
3380 3828 3573 3868 secun-

1977 3904 2109 3959 dum
2131 3920 2293 3975 quam
2316 3922 2424 3959 non
2456 3914 2728 3971 movetur,
2762 3916 2817 3964 et
2871 3908 3018 3979 quod
3074 3915 3274 3979 praeter
3318 3913 3573 3961 naturam

1979 4011 2078 4067 per
2102 3996 2362 4053 accidens
2398 3999 2724 4053 moveatur?

2066 4091 2155 4146 62.
2186 4091 2272 4145 Ex
2294 4093 2429 4147 libro
2456 4096 2608 4147 tertio
2635 4094 2699 4145 de
2723 4091 2872 4155 caelo,
2898 4091 2989 4145 lib.
3023 4106 3103 4155 ιιι,
3133 4103 3182 4143 c.
3216 4088 3266 4150 1,
3297 4102 3351 4157 p.
3378 4089 3505 4142 298.

2057 4194 2076 4225 ι
2118 4174 2320 4229 Eorum
2374 4191 2497 4247 qua!
2544 4185 2743 4231 natura
2801 4191 2925 4232 esse
2974 4175 3257 4237 dicuntur,
3287 4175 3393 4227 alia
3445 4181 3573 4228 sunt

1981 4268 2323 4332 substantiae,
2350 4270 2456 4322 alia
2488 4285 2665 4339 opera-
2694 4278 2749 4326 et
2784 4270 3134 4340 operationes
3177 4282 3389 4323 earum.
3433 4265 3573 4319 Sub-

1982 4361 2215 4415 stantias
2242 4360 2367 4415 dico
2391 4376 2621 4432 corpora
2646 4362 2943 4433 simplicia,
2974 4368 3034 4416 ut
3066 4361 3247 4431 ignem
3274 4366 3328 4413 et
3350 4366 3577 4415 terram.

1982 4463 2037 4506 et
2091 4467 2212 4523 quae
2267 4468 2394 4507 cum
2450 4454 2538 4511 his
2590 4462 2721 4509 sunt
2778 4452 3027 4524 ejusdem
3089 4452 3253 4507 seriei
3286 4452 3575 4509 elementa,

296 4553 541 4624 οὐρανὸν,
574 4552 667 4605 καὶ
693 4552 765 4605 τὰ
802 4553 966 4624 μόρια
990 4553 1203 4617 τούτου,
1235 4554 1328 4607 καὶ
1360 4554 1520 4609 πάλιν
1550 4556 1620 4610 τά
1648 4575 1706 4610 τε
1741 4557 1875 4621 ζῶα,

1987 4553 2037 4599 et
2064 4561 2403 4616 quacunque
2468 4562 2535 4602 ex
2587 4546 2656 4602 iis
2708 4557 2830 4602 orta
2886 4556 3033 4607 sunt,
3071 4553 3129 4599 ut
3162 4551 3334 4598 totum
3376 4541 3575 4596 caelum

300 4646 390 4697 καὶ
421 4645 490 4698 τὰ
518 4643 679 4714 φυτὰ,
715 4644 807 4698 καὶ
840 4644 909 4699 τὰ
946 4645 1109 4716 μόρια
1136 4645 1360 4699 τούτων.
1402 4665 1419 4697 ι

377 4822 437 4875 '0
470 4819 706 4893 εἰρηκὼς
737 4820 829 4873 τὸν
856 4819 1084 4891 οὐρανὸν
1116 4814 1256 4873 εἶναι
1290 4817 1351 4884 ἐξ
1379 4818 1552 4873 ἁπλοῦ
1573 4835 1718 4884 τινος
1750 4836 1884 4873 στοι-

300 4916 445 4984 χείου
479 4915 665 4985 ἑτέρου
697 4912 850 4976 ὃντος
894 4913 1047 4983 παρά
1092 4913 1160 4965 τὰ
1204 4912 1437 4966 ἐνταῦθα
1483 4914 1720 4982 στοιχεῖα
1743 4951 1757 4975 ,
1788 4913 1883 4964 καὶ

299 5008 378 5060 ὅτι
398 5007 499 5060 οὐκ
529 5005 799 5077 ἐνδέχεται
826 5005 1055 5076 οὐρανὸν
1086 4994 1245 5057 ἀλλον
1277 5004 1528 5073 γενέσθαι
1557 5004 1643 5058 διὰ
1670 5005 1731 5057 τὸ
1762 5004 1886 5058 τοῦ-

298 5114 388 5154 ττον
428 5102 609 5154 πᾶσαν
654 5098 1063 5171 περιειληφέναι
1108 5097 1205 5170 τὴν
1249 5097 1381 5170 ὓλην
1405 5116 1416 5128 ·
1460 5099 1577 5164 πῶς
1614 5098 1709 5152 νῦν
1738 5100 1887 5168 λέγει

300 5193 363 5246 ἐκ
390 5193 500 5245 τῶν
531 5192 710 5245 αὐτῶν
738 5185 879 5245 εἶναι
908 5191 1188 5261 στοιχείων
1214 5190 1305 5243 τὸν
1333 5190 1582 5262 οὐρανὸν,
1604 5192 1661 5258 ἐξ
1688 5186 1763 5245 ὧν
1792 5192 1886 5245 καὶ

300 5283 369 5338 τά
396 5283 511 5350 ζῶα
540 5284 633 5337 καὶ
660 5284 728 5336 τὰ
759 5284 932 5352 φντάς
975 5282 1110 5335 Ἀλλ’
1142 5285 1189 5335 εί
1227 5283 1323 5353 μὲν
1356 5283 1513 5337 ἄλλον
1541 5286 1771 5356 οὐρανὸν
1800 5286 1886 5339 λέ-

302 5392 386 5443 γει
419 5375 481 5440 ἐξ
510 5375 683 5430 ἄλλων
716 5375 993 5445 στοιχείων
1034 5374 1322 5443 γενέσθαι,
1372 5375 1489 5439 πῶς
1531 5377 1591 5429 οὐ
1634 5377 1887 5447 ψεύδεται

303 5466 496 5538 λέγων,
520 5469 637 5522 οὐκ
667 5468 937 5539 ἐνδέχεται
958 5466 1114 5522 ἄλλον
1141 5467 1369 5538 οὐρανὸν
1401 5463 1540 5523 εἶναι
1567 5468 1705 5540 πλὴν
1735 5471 1888 5535 ἑνόςς

378 5620 494 5691 (63)
528 5618 716 5693 Οὖσα.
742 5622 975 5677 Codices
1005 5637 1143 5693 mss.
1179 5629 1234 5675 et
1269 5620 1338 5693 Β.
1388 5620 1700 5693 Stephanus
1732 5625 1887 5677 οὐσία

306 5702 360 5747 et
390 5708 513 5745 mox
536 5692 795 5763 οὐσίαι,ρι
814 5693 1064 5765 ἕκαστον
1091 5692 1199 5765 γὰρ
1225 5692 1353 5745 τῶν.
1399 5691 1632 5764 Scripsit
1664 5693 1890 5765 Sytbur-

310 5765 461 5833 gius.
494 5770 554 5813 ut
578 5772 662 5815 est
686 5764 825 5833 apud
858 5763 1224 5833 Aristotelem.

384 5832 495 5902 (64.)
537 5833 597 5886 Ἠ
624 5832 749 5901 μία.
782 5834 1004 5889 Aristot.
1033 5835 1066 5902 ἡ
1093 5832 1399 5888 τελευταία.

1980 4645 2036 4693 et
2060 4646 2242 4708 partes
2267 4639 2411 4709 ejus,
2447 4638 2575 4694 item
2606 4639 2916 4693 animantes
2945 4647 2997 4693 et
3032 4637 3267 4699 plantas,
3296 4641 3350 4688 et
3382 4633 3581 4687 barum

1988 4737 2193 4800 partes.
2234 4750 2253 4781 ι

2057 4821 2161 4887 Qui
2193 4822 2332 4876 dixit
2354 4824 2553 4877 cmlum
2582 4838 2707 4879 esse
2737 4839 2767 4878 e
2797 4820 3037 4892 simplici
3072 4819 3310 4891 quodam
3341 4817 3581 4872 elemen-

1984 4921 2043 4968 to
2093 4929 2123 4968 a
2178 4915 2416 4969 terrenis
2465 4915 2754 4969 elementis
2804 4915 3045 4977 diverso,
3080 4927 3181 4966 nec
3234 4925 3396 4981 posse
3430 4906 3578 4961 aliud

1984 5006 2124 5071 fieri,
2155 5008 2283 5077 quia
2313 5007 2457 5062 istud
2476 5007 2788 5062 universam
2803 5006 3236 5075 circumplexum
3261 4999 3577 5056 materiam:

1984 5100 2261 5170 quomodo
2290 5115 2439 5154 nunc
2477 5099 2634 5161 dicit,
2680 5100 2883 5154 caelum
2931 5114 3000 5154 ex
3048 5096 3254 5153 eisdem
3297 5109 3420 5149 esse
3471 5092 3583 5145 cle-

1979 5196 2209 5256 mentis,
2265 5209 2327 5248 ex
2390 5194 2594 5263 quibus
2658 5191 2961 5245 animantia
3013 5196 3069 5245 et
3124 5186 3360 5259 plantae?
3397 5184 3502 5239 Sed
3532 5181 3579 5238 si

1986 5286 2133 5340 aliud
2172 5287 2371 5341 cmlum
2410 5285 2564 5349 dicit,
2595 5301 2661 5339 ex
2694 5284 2817 5338 aliis
2846 5280 3131 5337 elementis
3166 5278 3402 5333 factum:
3444 5291 3581 5346 quo-

1988 5379 2151 5434 modo
2182 5394 2291 5433 non
2320 5379 2608 5439 mentitur,
2638 5375 2768 5430 dum
2796 5376 2871 5429 ait
2902 5391 3009 5429 non
3028 5388 3190 5444 posse
3208 5370 3355 5424 aliud
3378 5369 3578 5424 coelum

1991 5487 2115 5528 esse
2154 5484 2348 5542 praeter
2401 5471 2605 5525 unum?
2636 5467 2733 5524 Sin
2779 5476 2962 5522 autem
3014 5467 3155 5521 idem
3189 5465 3391 5520 coelum
3423 5462 3579 5527 dicit,

2063 5627 2173 5697 (65)
2208 5627 2290 5683 Τά
2315 5644 2378 5680 τε
2407 5625 2590 5681 ἁπλᾶ.
2613 5624 2922 5697 Secundam
2957 5623 3204 5697 voculam
3236 5618 3577 5697 addidit-Syl-

1991 5686 2220 5765 burgius
2248 5714 2313 5752 ex
2341 5698 2594 5759 Aristot.,
2627 5705 2683 5751 et
2732 5695 2894 5765 paulo
2932 5701 3056 5763 post
3078 5686 3213 5765 “oiov
3247 5700 3371 5744 ante
3399 5686 3579 5765 τόντε

1993 5760 2322 5838 σύνὸλυνηοι
2366 5760 2809 5838 coniunctionem
2855 5760 2981 5821 ante
3018 5762 3178 5818 πάλιν
3224 5770 3277 5817 et
3327 5760 3579 5817 voculatio

1993 5854 2047 5891 τε
2081 5845 2205 5892 ante
2236 5836 2367 5901 ζῶα.
