3974 6256
467 368 598 423 1567
1663 375 1704 430 Λ
1714 374 2002 431 ΡΡΕΝΒΙΧ
2016 416 2031 434 .

2097 406 2131 416 -
2182 375 2363 432 PARS
2401 375 2464 434 11.
3553 382 3666 437 1568

460 483 606 538 ducti
634 492 764 539 sunt
795 484 860 538 ad
898 482 1086 540 Roma
1121 485 1407 556 praesidem
1429 526 1442 551 ,
1481 485 1765 544 Rusticum
1798 491 2029 547 nomine.

2101 504 2118 553 ι
2150 493 2351 547 στικὸν.
2416 494 2489 546 Ων
2522 490 2880 563 εἰσαχθέντων
2905 492 3012 565 πρὸ
3057 492 3153 547 τοῦ
3193 494 3436 568 βήματος,
3467 497 3670 553 Ῥουστι-

461 578 675 643 Quibus
706 586 833 633 ante
880 580 1119 633 tsibunal
1167 580 1514 645 constitutis,
1544 580 1805 640 Rusticus
1845 601 2030 655 prmsct

2149 583 2244 645 κὸς
2287 585 2317 636 ὁ
2353 582 2593 654 ἔπαρχος
2626 578 2747 637 εἶπε
2802 583 2939 654 πρὸς
2978 584 3256 638 Ἰουστῖνον
3277 601 3289 615 ·
3324 586 3543 654 Πρῶτον
3574 599 3672 643 πει-

460 673 599 726 dixit
626 671 846 727 Justino
888 689 900 723 :
933 672 1063 743 Age,
1090 682 1201 728 esto
1233 672 1337 727 diis
1365 674 1496 743 ipsis
1525 672 1791 740 obediens,
1814 685 1863 730 et
1891 678 2029 745 imper

2146 678 2323 742 σθητι
2356 674 2467 745 (67)
2494 674 2619 741 τοῖς
2662 674 2849 741 θεοῖς,
2883 675 2980 729 καὶ
3021 675 3367 732 ὑπάκουσον
3389 679 3501 745 τοῖς
3522 680 3672 743 βασι-

460 765 657 818 ratoris
679 764 887 818 edictis.
918 764 995 818 liii
1029 772 1210 820 autem
1243 764 1495 821 Justinus
1521 768 1803 836 respondit
1834 784 1847 820 :
1875 767 2029 823 Nemi

2144 767 2381 822 λεῦσιν.
2430 768 2712 829 Ἰωπῖνος
2758 761 2909 819 εἶπεν
2928 782 2942 797 ’
2999 768 3327 838 Ἀμεμπτον
3359 770 3452 822 καὶ
3489 771 3674 825 ἀκατά-

458 872 691 926 unquam
723 857 1025 926 reprehendi
1056 869 1148 911 aut
1174 858 1515 913 condemnari
1540 862 1754 930 poterit,
1801 863 1892 932 qui
1922 862 2027 917 Sal-

2145 872 2419 927 γνωστον
2463 856 2531 910 τὸ
2582 857 2893 911 πείθεσθαι
2940 857 3067 923 τοῖς
3105 859 3547 929 προσταχθεῖσιν
3577 861 3677 914 ὑπὸ

458 948 656 1001 vatoris
683 949 853 1002 nostri
880 948 1010 1003 Jesu
1042 948 1244 1005 Christi
1265 955 1539 1023 prwceptis
1578 954 1852 1010 obedierit.
1907 955 2027 1011 Tun

2146 950 2254 1004 τοῦ
2320 948 2593 1020 Σωτῆρος
2649 949 2819 1019 ήμῶν
2879 951 3084 1018 Ἰησοῦ
3148 950 3419 1019 Χριστοῦ.
3474 951 3676 1005 Ῥουστι-

458 1038 720 1096 Rusticus
749 1042 1039 1111 praefectus
1069 1059 1083 1096 :
1115 1043 1180 1097 In
1204 1046 1502 1111 cujusnam,
1535 1048 1734 1115 inquit,
1783 1050 2027 1104 eruditio-

2146 1044 2243 1105 κὸς
2270 1042 2507 1115 ἔπαρχος
2547 1039 2701 1098 εἵπεο
2737 1045 2958 1110 Ποίους
3011 1044 3232 1113 λόγους
3269 1043 3678 1112 μεταχειρίζεις;

459 1133 541 1186 nis
574 1150 635 1186 ac
666 1133 1076 1203 disciplinarum
1105 1153 1289 1208 genere
1317 1140 1583 1195 versaris?
1603 1139 1702 1195 Cui
1740 1139 1994 1197 Justinus

2158 1136 2442 1197 Ἰουστίνος
2485 1130 2606 1187 εἷπε
2624 1151 2637 1165 ·
2688 1133 2930 1200 Πάντας
2975 1134 3093 1203 μὲν
3142 1135 3358 1202 λόγους
3403 1134 3679 1202 ἐπειράθην

461 1223 713 1278 Omnium
762 1225 1167 1295 disciplinarum
1214 1246 1373 1300 genus
1418 1230 1621 1285 discere
1661 1242 1883 1287 conatus
1905 1250 2030 1288 sum.

2140 1226 2381 1295 μαθεῖν·
2423 1226 2767 1297 συνεθέμην
2797 1226 2866 1283 δὲ
2902 1226 3028 1293 τοῖς
3056 1226 3307 1294 ἀληθέσι
3333 1228 3543 1295 λόγοις,
3577 1229 3679 1294 τοῖς

458 1334 764 1387 omnemque
816 1318 1169 1374 eruditionem
1238 1331 1503 1391 expertus.
1561 1322 1838 1379 Postremo
1911 1342 2027 1380 vera

2145 1317 2267 1373 τῶν
2295 1319 2683 1387 Χριστιανῶν,
2718 1320 2836 1375 κᾶν
2874 1318 2960 1388 μὴ
2994 1319 3299 1387 ἀρέσκωσι
3344 1320 3462 1385 τοῖς
3492 1320 3677 1389 ψευδο-

457 1407 884 1464 Christianorum
928 1411 1229 1481 disciplima
1270 1414 1491 1479 adhaesi,
1542 1418 1783 1486 quamvis
1813 1418 1912 1472 illa
1942 1435 2026 1473 not

2145 1408 2365 1475 δόξοις.
2425 1412 2739 1475 Ῥουστικὸς
2797 1411 3041 1483 ἔπαρχος
3092 1406 3277 1464 εἶπεν·
3346 1411 3571 1464 Ἐκεῖνοι
3621 1428 3681 1467 σε

454 1504 664 1570 placeat
712 1504 816 1570 his,
869 1505 961 1575 qui
1005 1505 1161 1574 falsa:
1207 1506 1466 1575 opinionis
1519 1523 1700 1561 errore
1754 1508 2023 1563 ducuntur

2145 1500 2519 1569 ἀρέσκουσιν
2566 1505 2621 1556 οἱ
2673 1504 2863 1572 λόγοι,
2917 1502 3249 1569 claudium;
3317 1504 3576 1567 ’ῐουπϊνος
3599 1500 3678 1579 ,εἷ-

456 1587 622 1667 586
650 1594 788 1651 Tum
814 1596 1076 1654 Rusticus
1099 1597 1240 1652 dixit
1272 1614 1286 1650 :
1318 1597 1514 1664 Illane,
1564 1600 1877 1667 miserrime,
1917 1617 2025 1655 eru«

2147 1611 2215 1647 πε
2238 1610 2251 1624 ⁸
2283 1594 2415 1659 Ναὶ,
2467 1594 2676 1663 ἐπειδὴ
2728 1595 2881 1665 μετὰ
2924 1596 3216 1666 δόγματος
3275 1597 3448 1665 ὀρθοῦ
3503 1596 3681 1667 ἕπομαι

452 1688 655 1741 ditione
677 1688 958 1743 delectaris
973 1681 1096 1744 2⁸-
1119 1688 1374 1755 Maxime,
1408 1691 1587 1763 inquit
1619 1690 1890 1756 Justinus,
1916 1709 2017 1763 quo

2146 1687 2519 1759 αὑτούς(68).
2555 1688 2867 1751 Ῥουστικὸς
2896 1688 3133 1759 ἔπαρχος
3180 1684 3331 1741 εἷπε·
3391 1689 3557 1743 Ποῖόν
3575 1690 3680 1742 ἐστι

455 1781 602 1833 niam
631 1791 771 1835 recto
801 1798 919 1835 cum
946 1781 1188 1853 dogmate
1217 1782 1551 1839 Christianos
1578 1786 1717 1853 ipsos
1741 1803 1950 1856 sequor.
1976 1787 2019 1840 A

2113 1777 2380 1856 omnia;
2450 1780 2733 1843 Ἰουστῖνος
2770 1775 2953 1833 εἶπεν·
3004 1780 3181 1848 Ὅπερ
3224 1781 3573 1850 εὐσεϐοῦμεν
3615 1783 3682 1847 εὶς

456 1872 748 1941 praefectus
782 1890 794 1925 :
841 1842 1136 1940 Qualenam
1172 1885 1249 1929 est
1291 1876 1435 1930 istud
1482 1842 1717 1947 dogma?
1745 1842 2023 1948 Respondi

2114 1850 2120 1891 ί
2148 1842 2267 1926 τὸέξ
2288 1842 2405 1926 τῶν
2428 1872 2798 1941 Χριστιανῶν
2831 1872 3001 1937 Θεὸν,
3036 1873 3109 1927 ὃν
3128 1842 3422 1944 ηγπούμεθα
3449 1842 3549 1928 (ira
3574 1842 3683 1929 τοῦζ

452 1960 704 2019 Justinus
737 1985 750 2020 :
794 1965 1009 2019 Rectum
1038 1965 1260 2037 dogma,
1290 1968 1429 2038 quod
1464 1967 1760 2023 Christiani
1812 1970 2020 2024 homine

2146 1981 2255 2017 τον
2279 1963 2344 2029 ἐξ
2370 1963 2562 2034 ἀρχῆς
2586 1966 2843 2035 ποιητὴν
2868 1966 2965 2021 καὶ
2990 1966 3355 2035 δημιουργὸν
3385 1964 3486 2033 τῆς
3516 1964 3684 2031 πάσης

452 2071 572 2109 cum
597 2056 790 2122 pietate
815 2074 1107 2123 servamus,
1142 2057 1238 2110 hoc
1262 2067 1361 2121 est,
1386 2066 1443 2110 ut
1475 2057 1643 2112 Deum
1674 2074 1837 2112 unum
1863 2061 2021 2113 existi

2146 2056 2417 2120 κτίσεως,
2450 2054 2668 2124 ὁρατῆς
2700 2073 2763 2110 τε
2787 2058 2886 2111 καὶ
2930 2057 3220 2125 ἀοράτου⁸
3260 2056 3356 2109 καὶ
3377 2057 3577 2123 Κύριον
3604 2056 3685 2120 ’1η-

454 2164 676 2209 memus,
711 2148 967 2217 factorem
1003 2158 1159 2218 atque
1192 2161 1483 2205 creatorem
1533 2154 1765 2206 omnium
1810 2170 1929 2223 qua:
1969 2155 2023 2208 vi

2145 2145 2303 2199 σοῦν
2329 2145 2608 2213 Χριστὸν,
2643 2146 2832 2201 Παῖδα
2857 2146 3025 2209 Θεοῦ,
3047 2146 3116 2212 ὃς
3136 2147 3236 2199 καὶ
3259 2144 3681 2215 προκεκηρυκτιιι

452 2238 665 2303 dentur,
705 2256 923 2311 quicque
965 2244 1231 2309 corporeis
1278 2243 1446 2297 oculis
1490 2260 1593 2297 non
1649 2256 1968 2311 cernuntur;
1997 2264 2021 2301 ι’

2143 2238 2264 2292 ὑπὸ
2292 2236 2409 2291 τῶν
2439 2236 2761 2306 προφητῶν
2798 2238 3044 2306 μέλλων
3072 2238 3499 2305 παραγίνεσθαι
3520 2236 3590 2299 τῷ
3617 2235 3684 2303 γέ-

456 2331 741 2385 Dominum
776 2331 962 2387 Jesum
1003 2334 1296 2399 Christum,
1326 2334 1424 2388 Dei
1448 2334 1653 2390 Filium
1696 2339 2025 2406 conﬁteamut

2144 2343 2236 2381 νει
2263 2325 2380 2380 τῶν
2410 2326 2739 2395 ἀνθρώπων
2767 2328 3066 2395 σωτηρίας
3094 2324 3292 2394 κῆρυξ
3316 2326 3409 2379 καὶ
3442 2324 3686 2379 διδάσκα-

452 2422 579 2475 olim
606 2440 639 2476 a
660 2424 920 2492 prophetis
952 2427 1388 2493 pramuntiatum,
1418 2428 1508 2497 qui
1549 2437 1599 2481 et
1636 2427 1853 2482 humani
1893 2446 2019 2499 gene

2144 2423 2249 2485 λος
2282 2418 2483 2473 καλῶν
2509 2418 2806 2488 μαθητῶν.
2842 2418 3033 2488 Κάγὼ,
3067 2418 3379 2487 ἅνθρωπος
3413 2418 3510 2482 ὢν,
3536 2417 3685 2486 μικρὰ

452 2514 526 2567 ris
542 2513 711 2582 judex
741 2525 987 2570 venturus
1009 2527 1107 2580 est,
1160 2518 1353 2570 salutis
1384 2534 1557 2587 prceco
1591 2528 1641 2572 et
1689 2520 1943 2591 magister
1976 2522 2021 2574 ii.

2143 2508 2354 2578 νομίζω
2382 2508 2584 2577 λέγειν
2614 2509 2767 2577 πρὸς
2798 2509 2913 2578 τὴν
2964 2509 3154 2563 αὐτοῦ
3191 2508 3300 2580 (69)
3328 2508 3556 2577 ἄπειρον
3577 2507 3684 2563 θεό-

449 2607 540 2674 qui
585 2606 649 2659 ab
690 2607 784 2661 illo
831 2608 955 2662 bene
1009 2609 1311 2665 didicerint.
1345 2608 1457 2680 Ego
1508 2610 1830 2680 quidem,ut
1860 2614 2015 2667 homo

2143 2617 2324 2669 τητα,
2399 2599 2776 2670 προφητικήν
2855 2618 2990 2654 τινα
3060 2600 3326 2673 δύναμιν
3395 2598 3681 2670 ὁμολογῶν.

450 2697 729 2753 imbecillis
764 2716 880 2753 sum
904 2709 953 2754 et
979 2701 1128 2772 longe
1156 2702 1350 2765 minor,
1378 2719 1540 2771 quam
1571 2712 1627 2755 ut
1656 2702 1721 2757 de
1750 2704 1961 2772 inﬁnita
1984 2707 2019 2760 ii

2156 2692 2283 2745 Ἐπὶ
2312 2689 2422 2761 (70)
2461 2689 2935 2759 προκεκήρυκται
2995 2691 3131 2760 περὶ
3188 2694 3419 2756 τούτου,
3458 2691 3525 2745 ὃν
3556 2691 3685 2759 ἔφην

450 2788 556 2844 lius
584 2789 793 2844 Deitate
822 2792 1023 2862 aliquid
1073 2809 1322 2862 magnum
1355 2793 1528 2847 dicere
1558 2796 1754 2862 possim
1770 2810 1791 2859 ;
1819 2797 2019 2866 prophe

2144 2780 2263 2834 νῦν
2295 2779 2444 2834 Θεοῦ
2486 2782 2620 2833 Υιύν
2635 2779 2799 2832 ὄντα.
2824 2781 3016 2849 Ἵσημι
3046 2783 3189 2849 γὰρ,
3209 2782 3299 2835 ὅτι
3327 2781 3539 2835 ἄνωθεν
3565 2795 3684 2846 προ-

449 2890 629 2938 tarum
650 2900 838 2937 munus
870 2885 965 2938 hoc
998 2902 1111 2940 esse
1139 2890 1329 2954 lateor.
1368 2884 1462 2939 Illi
1487 2888 1625 2941 enim
1664 2887 1822 2957 hujus
1852 2890 2018 2959 ipsius

2142 2872 2313 2927 εἷπον
2336 2875 2389 2926 ot
2411 2870 2706 2940 προφῆται
2745 2873 2876 2940 περὶ
2905 2871 3013 2942 τῆς
3026 2874 3245 2928 τούτου
3272 2872 3586 2941 παρουσίας
3610 2887 3684 2940 τε·

451 2992 603 3046 quem
638 2975 730 3029 Dei
763 2975 960 3030 Filium
982 2995 1094 3032 esse
1113 2979 1248 3044 dixi,
1282 2980 1337 3033 in
1353 2980 1529 3033 orbem
1555 2988 1819 3035 terrarum
1849 2982 2020 3037 adveni

1308 2980 1529 3033 norbem
1555 2988 1819 3035 terrarum
1849 2982 2043 3037 adven-
2142 2965 2403 3035 νομένης
2428 2965 2499 3018 ἐν
2529 2964 2877 3035 ἀνθρώποις.

454 3077 584 3133 tum,
616 3068 797 3122 multis
824 3078 977 3123 antea
1006 3070 1214 3124 swculis
1239 3070 1490 3125 divinitus
1519 3071 1896 3139 prmdixerunt.

523 3156 587 3210 ll.
618 3158 881 3225 Qumsivit
914 3162 1225 3231 praefectus,
1256 3178 1418 3233 quem
1444 3163 1500 3217 in
1531 3163 1713 3218 locum
1743 3163 2044 3222 Christiani
2073 3185 2092 3242 (

2111 3187 2116 3241 ς
2220 3167 2291 3220 II.
2333 3165 2645 3229 Ῥουστικὸς
2689 3164 2925 3237 ἔπαρχος
2962 3161 3115 3218 εἶπεο
3149 3166 3279 3220 Ποῦ
3320 3164 3680 3232 συνέρχεσθε.

449 3253 822 3306 convenirent.
854 3251 955 3307 Cui
990 3254 1270 3323 respondit
1298 3254 1571 3318 Justinus,
1603 3272 1663 3309 eo
1694 3272 2018 3327 unumquem

2156 3252 2435 3323 Ἰουστῐνος
2480 3255 2658 3312 εἶπεν·
2704 3260 2884 3313 Ἔνθα
2931 3258 3172 3326 ἑκάστῳ
3221 3260 3551 3328 προαίρεσις
3604 3256 3682 3309 καὶ

448 3359 546 3413 que
574 3347 844 3399 convenire
872 3363 973 3416 quo
1002 3347 1152 3401 vellet
1179 3364 1240 3401 ac
1264 3357 1458 3415 posset.
1489 3348 1591 3415 An,
1630 3349 1830 3418 inquit,
1855 3352 2017 3405 existi

2140 3349 2396 3419 δύναμίς
2440 3351 2574 3407 ἐστι
2615 3348 2750 3421 (71).
2806 3349 3055 3417 Πάντως
3102 3351 3221 3421 γὰρ
3252 3350 3497 3420 νομίζεις
3519 3349 3607 3404 tzt
3632 3347 3684 3399 τὸ

450 3451 565 3487 mas
591 3452 767 3489 omnes
797 3454 890 3491 nos
924 3439 977 3490 in
1000 3438 1241 3491 eumdem
1276 3440 1447 3492 locum
1498 3442 1771 3494 convenire
1806 3441 2019 3495 solitos;

2138 3441 2284 3495 αὐτὸ
2306 3442 2708 3511 συνέρχεσθαι
2755 3442 2912 3512 ἡμᾶς
2944 3442 3182 3510 πάντας
3206 3460 3225 3509 ;
3262 3446 3382 3513 Οὐχ
3412 3445 3582 3507 οὓτως
3601 3440 3679 3493 δέ·

450 3524 669 3581 Minime
709 3544 790 3581 res
844 3530 921 3581 ita
971 3546 1025 3583 se
1076 3528 1264 3592 habet;
1295 3532 1543 3600 quoniam
1609 3530 2019 3588 Christianorun

2137 3535 2287 3590 διότι
2311 3539 2344 3590 ό
2365 3536 2511 3602 Θεὸς
2546 3535 2663 3592 τῶν
2684 3534 3059 3605 Χριστιανῶν
3078 3538 3249 3601 τόπῳ
3290 3540 3361 3591 οὐ
3384 3533 3671 3603 περιγράρε

458 3618 589 3673 Deus
650 3620 762 3674 loco
805 3638 907 3674 non
939 3622 1423 3687 circumscribitur;
1470 3624 1560 3678 sed
1611 3641 1730 3678 cum
1757 3625 2027 3681 invisibili:

2137 3644 2253 3691 ται,
2288 3626 2474 3693 ἀλλὰ,
2509 3628 2763 3696 ἀόρατος
2792 3627 2900 3693 ὢν,
2923 3628 3031 3681 τὸν
3057 3628 3326 3696 οὐρανὸν
3355 3629 3448 3681 καὶ
3472 3625 3575 3693 τὴν
3590 3622 3682 3693 γῆν

447 3713 538 3778 sit,
571 3712 757 3767 calum
794 3722 844 3767 et
884 3723 1079 3767 terram
1108 3716 1309 3784 implet,
1338 3726 1492 3786 atque
1520 3716 1708 3787 ubique
1737 3735 1769 3771 a
1793 3718 2016 3787 fidelibu.

2138 3721 2375 3790 πληροῖ,
2415 3722 2513 3776 καὶ
2541 3722 2849 3791 πανταχοῦ
2891 3723 3009 3775 ὑπὸ
3044 3721 3168 3776 τῶν
3192 3722 3422 3777 πιστῶν
3452 3735 3682 3789 προσκυ-

448 3803 729 3867 adoratur,
754 3815 802 3858 et
827 3806 942 3875 ejus
963 3807 1137 3876 gloria
1159 3808 1518 3864 collaudatur.
1539 3808 1694 3865 Tunc
1706 3811 1998 3880 praefectus

2135 3815 2322 3869 νεῖται
2354 3816 2453 3870 καὶ
2488 3814 2809 3883 δοξάζεται.
2872 3816 3193 3881 Ῥουστικὸς
3238 3816 3474 3887 ἔπαρχος
3516 3810 3676 3865 εἶπεν·

447 3895 575 3964 Age,
610 3896 810 3967 inquit,
845 3898 1015 3961 dicas,
1043 3916 1194 3968 quem
1219 3902 1271 3953 in
1309 3900 1478 3954 locum
1507 3903 1851 3967 conveniatis,
1878 3912 1926 3957 et
1954 3904 2016 3957 di

2136 3905 2285 3959 Εἰπὲ
2315 3906 2434 3960 ποῦ
2467 3905 2870 3975 συνέρχεσθε,
2906 3908 2945 3976 ἠ
2978 3909 3065 3973 εὶς
3093 3907 3275 3962 ποῖον
3308 3909 3486 3961 τόπον
3515 3903 3681 3970 ἀθροί-

447 3988 681 4055 scipulos
734 4000 850 4044 tuos
898 4006 1195 4059 congreges.
1242 3990 1543 4061 Respondit
1587 3992 1885 4049 Justinus:
1926 3993 2016 4064 Ege

2136 3992 2251 4059 ζεις
2286 3992 2427 4059 τοὺς
2476 3994 2745 4064 μαθητάς
2789 4010 2948 4058 σου;
3004 3994 3292 4059 Ἰουστίνος
3337 3992 3481 4047 εἶπεν
3503 4011 3515 4023 ·
3560 3989 3682 4059 Ἐγὼ

445 4096 603 4148 prope
618 4081 833 4134 domum
856 4080 1083 4136 Martini
1104 4084 1404 4152 cujusdam,
1438 4084 1506 4138 ad
1539 4085 1819 4149 Balneum,
1843 4102 2014 4156 cogno

2134 4084 2335 4139 ἐπάνω
2360 4085 2522 4156 μένω
2547 4086 2709 4153 τινὸς
2737 4088 3042 4154 Μαρτίνου
3071 4088 3182 4142 τοῦ
3218 4088 3539 4158 Τιμιοτινου
3583 4083 3682 4146 ,ϐα-

447 4182 618 4225 mento
650 4172 1015 4239 Timiotinum,
1047 4174 1297 4230 hactenus
1335 4178 1527 4233 mansi.
1594 4177 1719 4232 Veni
1762 4187 1939 4232 autem
1978 4179 2016 4231 it

2133 4179 2400 4242 λανείου,
2440 4177 2539 4232 καὶ
2582 4179 2745 4247 παρὰ
2792 4177 2989 4233 πάντα
3029 4178 3141 4234 τὸν
3190 4184 3415 4250 χρόνον
3456 4176 3679 4231 τοῦτον·

445 4264 626 4319 urbem
666 4264 886 4321 Romam
917 4268 1165 4333 secundo,
1209 4286 1370 4339 neque
1410 4271 1574 4323 alium
1625 4273 1921 4341 quempiam
1955 4271 2014 4325 lo-

2137 4269 2510 4340 (ἐπεδήμησα
2551 4269 2620 4324 δὲ
2650 4268 2725 4339 τῇ
2765 4270 3066 4339 Ῥωμαίων
3096 4272 3283 4325 πόλει
3317 4270 3485 4324 τοῦτο
3511 4266 3682 4319 δεύτε-

443 4372 585 4421 εωη,
618 4360 723 4412 nisi
760 4376 911 4429 quem
935 4360 1071 4422 dixi,
1098 4378 1369 4431 cognosco.
1404 4363 1481 4415 Ac
1508 4364 1555 4416 si
1586 4365 1702 4432 quis
1734 4364 1804 4417 ad
1840 4382 1921 4419 me
1944 4382 2012 4419 vel

2126 4360 2261 4431 ρον)
2278 4362 2375 4414 καὶ
2396 4364 2467 4415 οὐ
2486 4361 2757 4430 γινώσκω
2769 4362 2879 4433 (72)
2900 4363 3103 4430 ἄλλην
3122 4364 3259 4416 τινὰ
3281 4360 3628 4415 συνέλευσιν
3642 4356 3683 4407 et

444 4451 557 4505 nire
580 4451 763 4516 voluit,
795 4455 1307 4508 communicavicum
1328 4453 1423 4507 illo
1448 4456 1685 4509 veritatis
1707 4455 2006 4510 doctrinam

2130 4450 2216 4521 μὴ
2238 4450 2353 4521 τὴν
2401 4452 2658 4508 ἐκείνου.
2684 4454 2795 4507 Καὶ
2823 4453 2880 4507 ει
2911 4471 3004 4521 τις
3043 4455 3331 4508 ἐϐούλετο
3379 4449 3683 4520 ὰφικεῖσθαι

445 4540 587 4611 Ergo
609 4542 944 4598 Christianus
969 4562 1023 4599 es
1050 4553 1103 4598 tu
1122 4548 1146 4599 7
1163 4546 1339 4616 inquit
1357 4544 1635 4603 Rusticus.
1656 4547 1726 4600 At
1745 4547 2014 4605 Justinus

2133 4542 2269 4611 παρ’
2291 4543 2442 4611 ἐμοὶ,
2470 4543 2830 4599 ἐκοινώνουν
2850 4544 3013 4610 αὐτῷ
3036 4543 3156 4598 τῶν
3171 4542 3281 4611 τῆς
3312 4543 3582 4611 ἀληθείας
3604 4536 3680 4589 λό’

442 4632 700 4702 Maxime,
734 4636 1069 4692 Christianus
1101 4653 1192 4709 ego
1223 4654 1360 4694 sum.

2131 4649 2274 4702 των.
2306 4634 2619 4698 Ῥουστικὸς
2645 4630 2796 4689 εἶπεν
2814 4652 2827 4665 ·
2864 4636 3103 4690 Οὐκοῦν
3123 4636 3344 4689 λοιπὸν
3365 4627 3684 4701 Χριστιανὸς

2134 4722 2226 4789 εἷ;
2272 4726 2553 4791 ’ἰθυπῖνος
2585 4723 2737 4782 εἶπεν
2764 4745 2776 4757 ·
2823 4728 2958 4790 Ναὶ,
2985 4728 3354 4795 Χριστιανός
3373 4728 3504 4793 εἰμι.

512 4812 602 4868 ill.
642 4811 797 4870 Tunc
833 4814 1120 4886 praefectus
1175 4815 1312 4871 dixit
1374 4815 1661 4872 Charitoni
1694 4838 1705 4873 :
1739 4818 1848 4873 An'
1872 4830 1922 4873 et
1972 4831 2029 4875 tu

2201 4821 2294 4875 lli.
2313 4819 2621 4885 Ῥουστικὸς
2661 4820 2899 4891 ἔπαρχος
2939 4821 3017 4892 τῷ
3059 4821 3335 4893 Χαρίτωνι
3364 4815 3537 4872 εἶπεν·
3572 4816 3680 4867 ’Ἔτι

513 4968 637 5049 (67⁸),
666 4969 907 5049 Πρῶτον
934 4974 1228 5041 πείσθητι.
1255 4973 1437 5028 Primo
1466 4974 1570 5029 diis
1598 4976 1748 5031 erade
1776 4987 1825 5031 et
1864 4978 2028 5048 impe-

2128 4974 2304 5049 θεηεῄ
2331 4974 2521 5049 salutis
2544 4988 2735 5049 preco.
2770 4973 2900 5049 ng.
2924 4973 3142 5049 ἀἔα-τοῖς.
3323 5043 3333 5049 _
3390 5042 3409 5049 Δ
3455 5042 3464 5049 _

441 5036 724 5113 ratoribus'
738 5040 1035 5113 obsequere.
1138 5036 1147 5041 ’
1190 5111 1197 5113 _
1939 5036 1949 5048 ’

2128 5036 2157 5113 *ν
2200 5044 2312 5111 (69)
2345 5046 2497 5112 Πρὸς
2526 5036 2639 5113 τὴν
2664 5036 2876 5098 αὺτοῦῖ
2912 5036 3123 5097 Minuta
3164 5058 3277 5112 pra:
3316 5042 3517 5111 inﬁnita
3553 5036 3679 5089 illius

513 5110 903 5188 (68)_Aucodc.
938 5112 1166 5188 Latinus
1187 5111 1458 5188 interpres
1489 5115 1542 5169 id
1572 5114 1742 5188 refert
1775 5116 1843 5170 ad
1874 5118 2025 5188 ipsos

768 5112 903 5176 ὀύς.
938 5112 1166 5188 Latinus
1187 5111 1458 5188 interpres
1489 5115 1542 5169 id
1572 5114 1742 5188 refert
1775 5116 1843 5170 ad
1874 5118 2025 5188 ipsos
2125 5110 2337 5188 deitgte.

440 5181 827 5258 Christianos;
862 5181 955 5258 sed
987 5183 1051 5236 ad
1077 5181 1546 5258 Christianorum
1572 5185 1876 5258 doctrinam
1895 5181 2026 5244 'sivc
2197 5183 2311 5258 (ΖΟ)
2365 5184 2522 5258 Ἐπί.Δ
2550 5182 2679 5254 Leg.
2712 5184 2884 5258 ém_i._
2917 5255 2926 5258 _
3169 5250 3238 5258 ___
3424 5248 3472 5258 __
3563 5246 3607 5258 __
3666 5243 3675 5253 ,

440 5183 827 5247 Christianos;
862 5183 955 5235 sed
987 5183 1051 5236 ad
1083 5183 1525 5239 Christianorum
1572 5185 1876 5240 doctrinam
1895 5183 2008 5244 'siw

439 5251 788 5325 disciplinam
840 5251 1185 5325 referendum
1240 5262 1346 5317 est,
1404 5263 1460 5308 et
1502 5254 1584 5309 sic
1638 5256 1973 5311 reddendum

2224 5184 2290 5239 70
2365 5184 2516 5237 Ἐπί.
2550 5183 2679 5254 Leg.
2712 5184 2851 5237 ἐπεί.
3563 5247 3572 5258 ⁵
3666 5243 3675 5253 1

2197 5183 2312 5325 ini
2338 5255 2631 5321 Προαίρεσ
2635 5273 2687 5319 ις
2723 5254 2824 5308 καὶ
2856 5254 3122 5324 δύναμις.
3169 5250 3366 5307 Mirum
3424 5248 3475 5304 id
3528 5246 3676 5301 Viden

442 5322 709 5387 Quoniam
746 5331 887 5395 recto
909 5338 1028 5395 cum
1052 5323 1319 5395 dogmate
1338 5328 1510 5392 ipsam
1539 5341 1747 5395 sequor.
1784 5326 2024 5384 Sanctus
2125 5322 2235 5379 non
2268 5322 2712 5395 debetsaaviente
2741 5322 3137 5395 persecutione.

439 5399 671 5465 martyr,
733 5393 890 5459 cujus
942 5393 996 5465 in
1042 5390 1384 5465 refellendisl
1405 5390 1675 5451 haereticis
1741 5398 2024 5454 nobilitata
2198 5394 2311 5465 (72)
2341 5393 2453 5465 Xa}
2479 5396 2552 5448 οὐ
2579 5390 2866 5463 γινώσκω.
2899 5394 3132 5465 Delenda
3166 5394 3381 5449 videtur
3409 5390 3567 5461 prima
3594 5398 3677 5465 r0-

440 5456 619 5535 i’uera't
668 5456 1505 5535 opern,_sciscitante_praafecto
1549 5466 1822 5535 quodnam
1878 5480 2025 5525 esset
2126 5456 2250 5519 cuia
2273 5456 2369 5531 {et
2400 5456 2599 5519 ϐηεεέ
2618 5466 2700 5519 sic
2728 5466 2987 5535 vertenda
3022 5484 3034 5518 :
3071 5463 3183 5533 Ego
3214 5456 3570 5529 maneo-prope
3591 5456 3675 5535 do;

439 5531 575 5604 illud
607 5524 815 5585 rectum
840 5533 1066 5604 dogma,
1095 5524 1325 5602 quod'se
1355 5524 1593 5604 proﬁteri
1653 5536 1887 5600 dicebat,
1940 5524 2024 5593 Sic
2124 5524 2285 5588 mum'
2302 5535 2525 5589 Martini
2554 5534 2832 5603 cujusdam
2860 5536 2929 5587 ad
2967 5524 3210 5588 balneum
3249 5524 3569 5604 cognomento
3597 5524 3673 5577 Ti-

443 5600 602 5657 ﬂdem
651 5603 905 5672 exponit,
924 5597 1005 5656 ἰιι
1044 5597 1327 5673 plerasque
1355 5597 1518 5661 "illius
1572 5608 1748 5663 atatis
1789 5597 2023 5665 hareses
2124 5607 2424 5666 miotinum,
2450 5621 2512 5658 ac
2538 5597 2629 5673 per
2657 5614 2822 5659 totum
2852 5606 3203 5673 tempus(veni
3224 5597 3397 5656 autem
3424 5604 3473 5655 in
3500 5597 3673 5651 Roma-

442 5682 614 5749 notet.
651 5689 769 5743 quae
796 5674 1072 5749 Christum
1094 5674 1371 5749 Creatoris
1386 5674 1578 5749 Filium
1601 5691 1723 5732 csse
1748 5686 1803 5733 et
1835 5695 1865 5732 ο
1895 5695 2021 5749 pro-
2124 5692 2310 5749 norum
2336 5676 2516 5729 urbem
2547 5692 2683 5749 nunc
2721 5676 2939 5749 iterum)
2974 5675 3198 5749 νιιιιιιιιιιΔ
3219 5674 3381 5726 alium
3422 5676 3669 5749 crint-remus

442 5744 621 5817 pinetis
667 5737 1088 5812 pranunliatum
1142 5747 1432 5817 negabant.
1486 5746 1603 5801 Mox
1653 5737 2014 5803 vertendum:
2126 5746 2295 5799 locum
2322 5764 2594 5817 cognosco.
2628 5745 2849 5817 Legitur
2871 5744 2979 5798 τῶν
3003 5744 3303 5815 τιμωτίνων
3347 5741 3480 5813 apud
3518 5737 3667 5806 Papo-

444 5813 549 5883 Qui
589 5817 974 5882 prwnuntiatus
1019 5825 1093 5869 est
1127 5834 1157 5869 a
1191 5813 1465 5883 Pruphetis
1498 5829 1742 5871 venturus
1793 5819 2019 5873 humano
2123 5813 2429 5872 brocliiuin.
