  <div class='ocr_page' id='page_1' title='image "/cluster/home/n/w/nwhite01/storage/ocr_20150623/6/mdp.39015004289917/812.png"; bbox 0 0 3974 6256; ppageno 0'>
   <div class='ocr_carea' id='block_1_1' title="bbox 300 394 439 449">
    <p class='ocr_par' dir='ltr' id='par_1_1' title="bbox 300 394 439 449">
     <span class='ocr_line' id='line_1_1' title="bbox 300 394 439 449; baseline 0 -1"><span class='ocrx_word' id='word_1_1' title='bbox 300 394 439 449; x_wconf 72' lang='grc'><strong>1509</strong></span> 
     </span>
    </p>
   </div>
   <div class='ocr_carea' id='block_1_2' title="bbox 1448 395 2434 455">
    <p class='ocr_par' dir='ltr' id='par_1_2' title="bbox 1448 395 2434 455">
     <span class='ocr_line' id='line_1_2' title="bbox 1448 395 2434 455; baseline 0.003 -5"><span class='ocrx_word' id='word_1_2' title='bbox 1448 395 1623 451; x_wconf 70' lang='lat' dir='ltr'><strong>ACTA</strong></span> <span class='ocrx_word' id='word_1_3' title='bbox 1669 395 2007 452; x_wconf 75' lang='lat' dir='ltr'><strong>MABTYRII</strong></span> <span class='ocrx_word' id='word_1_4' title='bbox 2051 397 2107 454; x_wconf 84' lang='lat' dir='ltr'><strong>S.</strong></span> <span class='ocrx_word' id='word_1_5' title='bbox 2150 396 2434 455; x_wconf 87' lang='lat' dir='ltr'><strong>JUSTINI.</strong></span> 
     </span>
    </p>
   </div>
   <div class='ocr_carea' id='block_1_3' title="bbox 3438 408 3574 461">
    <p class='ocr_par' dir='ltr' id='par_1_3' title="bbox 3438 408 3574 461">
     <span class='ocr_line' id='line_1_3' title="bbox 3438 408 3574 461; baseline -0.022 -2"><span class='ocrx_word' id='word_1_6' title='bbox 3438 408 3574 461; x_wconf 74' lang='lat'><strong>1570</strong></span> 
     </span>
    </p>
   </div>
   <div class='ocr_carea' id='block_1_4' title="bbox 294 496 1878 591">
    <p class='ocr_par' dir='ltr' id='par_1_4' title="bbox 294 514 1876 586">
     <span class='ocr_line' id='line_1_4' title="bbox 294 514 1876 586; baseline -0.002 -17"><span class='ocrx_word' id='word_1_7' title='bbox 294 516 445 581; x_wconf 76' lang='grc' dir='ltr'><em>εἰπὲ,</em></span> <span class='ocrx_word' id='word_1_8' title='bbox 495 514 778 582; x_wconf 80' lang='grc' dir='ltr'><strong>Χαρίτων,</strong></span> <span class='ocrx_word' id='word_1_9' title='bbox 810 514 907 567; x_wconf 83' lang='grc' dir='ltr'><em>καὶ</em></span> <span class='ocrx_word' id='word_1_10' title='bbox 957 514 1039 568; x_wconf 90' lang='grc' dir='ltr'><em>σὺ</em></span> <span class='ocrx_word' id='word_1_11' title='bbox 1071 515 1422 583; x_wconf 79' lang='grc' dir='ltr'><em>Χριστιανὸς</em></span> <span class='ocrx_word' id='word_1_12' title='bbox 1442 516 1574 578; x_wconf 53' lang='lat' dir='ltr'><strong>si“</strong></span> <span class='ocrx_word' id='word_1_13' title='bbox 1626 516 1876 586; x_wconf 84' lang='grc' dir='ltr'><em>Χαρίτων</em></span> 
     </span>
    </p>
   </div>
   <div class='ocr_carea' id='block_1_5' title="bbox 1987 496 3572 591">
    <p class='ocr_par' dir='ltr' id='par_1_5' title="bbox 1987 496 3572 591">
     <span class='ocr_line' id='line_1_5' title="bbox 1987 496 3572 591; baseline 0.005 -23"><span class='ocrx_word' id='word_1_14' title='bbox 1987 496 2318 569; x_wconf 84' lang='lat' dir='ltr'><strong>Christianus</strong></span> <span class='ocrx_word' id='word_1_15' title='bbox 2338 520 2437 571; x_wconf 88' lang='lat' dir='ltr'><strong>es?</strong></span> <span class='ocrx_word' id='word_1_16' title='bbox 2464 516 2564 569; x_wconf 87' lang='lat' dir='ltr'><strong>Cui</strong></span> <span class='ocrx_word' id='word_1_17' title='bbox 2598 515 2863 571; x_wconf 82' lang='lat' dir='ltr'><strong>Chariten</strong></span> <span class='ocrx_word' id='word_1_18' title='bbox 2892 532 2912 571; x_wconf 90' lang='lat'><strong><em>:</em></strong></span> <span class='ocrx_word' id='word_1_19' title='bbox 2956 516 3293 573; x_wconf 79' lang='lat' dir='ltr'><strong>Christianus</strong></span> <span class='ocrx_word' id='word_1_20' title='bbox 3314 537 3406 591; x_wconf 86' lang='lat' dir='ltr'><strong>ego</strong></span> <span class='ocrx_word' id='word_1_21' title='bbox 3430 539 3572 576; x_wconf 75' lang='lat' dir='ltr'><strong>sum.</strong></span> 
     </span>
    </p>
   </div>
   <div class='ocr_carea' id='block_1_6' title="bbox 294 604 1881 677">
    <p class='ocr_par' dir='ltr' id='par_1_6' title="bbox 294 604 1881 677">
     <span class='ocr_line' id='line_1_6' title="bbox 294 604 1881 677; baseline -0.001 -17"><span class='ocrx_word' id='word_1_22' title='bbox 294 604 445 660; x_wconf 74' lang='grc' dir='ltr'><em>εἴπεο</em></span> <span class='ocrx_word' id='word_1_23' title='bbox 485 607 823 675; x_wconf 79' lang='grc' dir='ltr'><em>Χριστιανός</em></span> <span class='ocrx_word' id='word_1_24' title='bbox 854 608 970 676; x_wconf 83' lang='grc' dir='ltr'><em>ειμι</em></span> <span class='ocrx_word' id='word_1_25' title='bbox 1003 607 1150 661; x_wconf 84' lang='grc' dir='ltr'><strong>Θεοῦ</strong></span> <span class='ocrx_word' id='word_1_26' title='bbox 1184 608 1459 661; x_wconf 74' lang='grc' dir='ltr'><strong>κελεύσει</strong></span> <span class='ocrx_word' id='word_1_27' title='bbox 1479 607 1610 677; x_wconf 81' lang='grc'><strong>(75).</strong></span> <span class='ocrx_word' id='word_1_28' title='bbox 1642 608 1881 660; x_wconf 68' lang='grc' dir='ltr'><em>Ῥουστι-</em></span> 
     </span>
    </p>
   </div>
   <div class='ocr_carea' id='block_1_7' title="bbox 293 695 1878 769">
    <p class='ocr_par' dir='ltr' id='par_1_7' title="bbox 293 695 1878 769">
     <span class='ocr_line' id='line_1_7' title="bbox 293 695 1878 769; baseline 0 -18"><span class='ocrx_word' id='word_1_29' title='bbox 293 697 390 761; x_wconf 82' lang='grc' dir='ltr'><strong>κὸς</strong></span> <span class='ocrx_word' id='word_1_30' title='bbox 426 696 665 768; x_wconf 71' lang='grc' dir='ltr'><em>ἔπαρχος</em></span> <span class='ocrx_word' id='word_1_31' title='bbox 716 697 853 769; x_wconf 80' lang='grc' dir='ltr'><em>πρὸς</em></span> <span class='ocrx_word' id='word_1_32' title='bbox 878 698 978 769; x_wconf 84' lang='grc' dir='ltr'><strong>τὴν</strong></span> <span class='ocrx_word' id='word_1_33' title='bbox 1018 696 1241 769; x_wconf 85' lang='grc' dir='ltr'><em>Χαριτὼ</em></span> <span class='ocrx_word' id='word_1_34' title='bbox 1266 695 1417 751; x_wconf 72' lang='grc' dir='ltr'><em>εἶπεσ</em></span> <span class='ocrx_word' id='word_1_35' title='bbox 1448 699 1533 752; x_wconf 89' lang='grc' dir='ltr'><strong>Σὺ</strong></span> <span class='ocrx_word' id='word_1_36' title='bbox 1573 699 1630 751; x_wconf 91' lang='grc' dir='ltr'><strong>τί</strong></span> <span class='ocrx_word' id='word_1_37' title='bbox 1659 698 1878 768; x_wconf 86' lang='grc' dir='ltr'><em>λέγεις,</em></span> 
     </span>
    </p>
   </div>
   <div class='ocr_carea' id='block_1_8' title="bbox 292 783 1881 860">
    <p class='ocr_par' dir='ltr' id='par_1_8' title="bbox 292 783 1881 860">
     <span class='ocr_line' id='line_1_8' title="bbox 292 783 1881 860; baseline 0 -17"><span class='ocrx_word' id='word_1_38' title='bbox 292 789 523 857; x_wconf 85' lang='grc' dir='ltr'><em>Χαριτώ</em></span> <span class='ocrx_word' id='word_1_39' title='bbox 578 787 727 858; x_wconf 71' lang='grc'><strong>(74);</strong></span> <span class='ocrx_word' id='word_1_40' title='bbox 766 787 987 860; x_wconf 85' lang='grc' dir='ltr'><em>Χαριτὼ</em></span> <span class='ocrx_word' id='word_1_41' title='bbox 1028 783 1148 841; x_wconf 79' lang='grc' dir='ltr'><em>εἷπε</em></span> <span class='ocrx_word' id='word_1_42' title='bbox 1171 806 1184 819; x_wconf 90' lang='grc'><strong>·</strong></span> <span class='ocrx_word' id='word_1_43' title='bbox 1233 790 1588 858; x_wconf 83' lang='grc' dir='ltr'><em>Χριστιανός</em></span> <span class='ocrx_word' id='word_1_44' title='bbox 1636 793 1753 860; x_wconf 80' lang='grc' dir='ltr'><em>ειμι</em></span> <span class='ocrx_word' id='word_1_45' title='bbox 1806 788 1881 857; x_wconf 74' lang='grc' dir='ltr'><em>τῇ</em></span> 
     </span>
    </p>
   </div>
   <div class='ocr_carea' id='block_1_9' title="bbox 291 876 1877 951">
    <p class='ocr_par' dir='ltr' id='par_1_9' title="bbox 291 876 1877 951">
     <span class='ocr_line' id='line_1_9' title="bbox 291 876 1877 951; baseline 0.002 -21"><span class='ocrx_word' id='word_1_46' title='bbox 291 878 401 931; x_wconf 91' lang='grc' dir='ltr'><strong>τοῦ</strong></span> <span class='ocrx_word' id='word_1_47' title='bbox 449 878 597 931; x_wconf 85' lang='grc' dir='ltr'><em>Θεοῦ</em></span> <span class='ocrx_word' id='word_1_48' title='bbox 625 876 833 945; x_wconf 81' lang='grc' dir='ltr'><strong>δωρεᾷ.</strong></span> <span class='ocrx_word' id='word_1_49' title='bbox 875 878 1184 942; x_wconf 76' lang='grc' dir='ltr'><em>Ῥουστικὸς</em></span> <span class='ocrx_word' id='word_1_50' title='bbox 1239 876 1359 932; x_wconf 82' lang='grc' dir='ltr'><em>εἷπε</em></span> <span class='ocrx_word' id='word_1_51' title='bbox 1396 880 1475 951; x_wconf 82' lang='grc' dir='ltr'><em>τῷ</em></span> <span class='ocrx_word' id='word_1_52' title='bbox 1527 880 1877 951; x_wconf 76' lang='grc' dir='ltr'><strong>Εὐελπίστῳ·</strong></span> 
     </span>
    </p>
   </div>
   <div class='ocr_carea' id='block_1_10' title="bbox 294 966 1878 1042">
    <p class='ocr_par' dir='ltr' id='par_1_10' title="bbox 294 966 1878 1042">
     <span class='ocr_line' id='line_1_10' title="bbox 294 966 1878 1042; baseline 0.002 -21"><span class='ocrx_word' id='word_1_53' title='bbox 294 969 381 1021; x_wconf 86' lang='grc' dir='ltr'><strong>Σὺ</strong></span> <span class='ocrx_word' id='word_1_54' title='bbox 438 968 507 1021; x_wconf 82' lang='grc' dir='ltr'><strong>δὲ</strong></span> <span class='ocrx_word' id='word_1_55' title='bbox 548 970 639 1034; x_wconf 91' lang='grc' dir='ltr'><strong>τίς</strong></span> <span class='ocrx_word' id='word_1_56' title='bbox 676 966 764 1032; x_wconf 79' lang='lat' dir='ltr'><strong>el;</strong></span> <span class='ocrx_word' id='word_1_57' title='bbox 806 969 1154 1035; x_wconf 81' lang='grc' dir='ltr'><em>Εὑέλπιστος,</em></span> <span class='ocrx_word' id='word_1_58' title='bbox 1203 969 1391 1033; x_wconf 77' lang='grc' dir='ltr'><em>δοῦλος</em></span> <span class='ocrx_word' id='word_1_59' title='bbox 1438 970 1715 1042; x_wconf 80' lang='grc' dir='ltr'><em>Καίσαρος</em></span> <span class='ocrx_word' id='word_1_60' title='bbox 1745 970 1878 1042; x_wconf 83' lang='grc'><strong>(75),</strong></span> 
     </span>
    </p>
   </div>
   <div class='ocr_carea' id='block_1_11' title="bbox 295 1060 1880 1133">
    <p class='ocr_par' dir='ltr' id='par_1_11' title="bbox 295 1060 1880 1133">
     <span class='ocr_line' id='line_1_11' title="bbox 295 1060 1880 1133; baseline 0.001 -19"><span class='ocrx_word' id='word_1_61' title='bbox 295 1060 660 1133; x_wconf 77' lang='grc' dir='ltr'><em>ἀπεκρίνατο·</em></span> <span class='ocrx_word' id='word_1_62' title='bbox 715 1062 891 1132; x_wconf 78' lang='grc' dir='ltr'><strong>Κάγὼ</strong></span> <span class='ocrx_word' id='word_1_63' title='bbox 937 1066 1292 1132; x_wconf 85' lang='grc' dir='ltr'><em>Χριστιανός</em></span> <span class='ocrx_word' id='word_1_64' title='bbox 1312 1066 1428 1133; x_wconf 83' lang='grc' dir='ltr'><em>ειμι</em></span> <span class='ocrx_word' id='word_1_65' title='bbox 1462 1063 1880 1132; x_wconf 75' lang='grc' dir='ltr'><strong>ἐλευθερωθεὶς</strong></span> 
     </span>
    </p>
   </div>
   <div class='ocr_carea' id='block_1_12' title="bbox 292 1153 1878 1226">
    <p class='ocr_par' dir='ltr' id='par_1_12' title="bbox 292 1153 1878 1226">
     <span class='ocr_line' id='line_1_12' title="bbox 292 1153 1878 1226; baseline 0.002 -21"><span class='ocrx_word' id='word_1_66' title='bbox 292 1154 412 1206; x_wconf 83' lang='grc' dir='ltr'><strong>ὑπὸ</strong></span> <span class='ocrx_word' id='word_1_67' title='bbox 437 1153 717 1221; x_wconf 85' lang='grc' dir='ltr'><strong>Χριστοῦ,</strong></span> <span class='ocrx_word' id='word_1_68' title='bbox 764 1156 863 1207; x_wconf 81' lang='grc' dir='ltr'><strong>καὶ</strong></span> <span class='ocrx_word' id='word_1_69' title='bbox 908 1154 1015 1222; x_wconf 86' lang='grc' dir='ltr'><em>τῆς</em></span> <span class='ocrx_word' id='word_1_70' title='bbox 1044 1153 1233 1223; x_wconf 83' lang='grc' dir='ltr'><em>αὐτῆς</em></span> <span class='ocrx_word' id='word_1_71' title='bbox 1255 1154 1503 1221; x_wconf 79' lang='grc' dir='ltr'><em>ἐλπίδος</em></span> <span class='ocrx_word' id='word_1_72' title='bbox 1525 1154 1747 1226; x_wconf 84' lang='grc' dir='ltr'><strong>μετέχω</strong></span> <span class='ocrx_word' id='word_1_73' title='bbox 1770 1154 1878 1224; x_wconf 82' lang='grc' dir='ltr'><em>χά-</em></span> 
     </span>
    </p>
   </div>
   <div class='ocr_carea' id='block_1_13' title="bbox 288 1242 1873 1317">
    <p class='ocr_par' dir='ltr' id='par_1_13' title="bbox 288 1242 1873 1317">
     <span class='ocr_line' id='line_1_13' title="bbox 288 1242 1873 1317; baseline 0.002 -21"><span class='ocrx_word' id='word_1_74' title='bbox 288 1262 405 1312; x_wconf 86' lang='grc' dir='ltr'><em>ριτι</em></span> <span class='ocrx_word' id='word_1_75' title='bbox 420 1244 700 1313; x_wconf 81' lang='grc' dir='ltr'><strong>Χριστοῦ.</strong></span> <span class='ocrx_word' id='word_1_76' title='bbox 761 1245 1069 1309; x_wconf 73' lang='grc' dir='ltr'><em>Ῥουστικὸς</em></span> <span class='ocrx_word' id='word_1_77' title='bbox 1107 1245 1345 1316; x_wconf 77' lang='grc' dir='ltr'><em>ἔπαρχος</em></span> <span class='ocrx_word' id='word_1_78' title='bbox 1365 1245 1444 1315; x_wconf 85' lang='grc' dir='ltr'><em>τῷ</em></span> <span class='ocrx_word' id='word_1_79' title='bbox 1487 1245 1685 1317; x_wconf 79' lang='grc' dir='ltr'><em>Ἰἐρακι</em></span> <span class='ocrx_word' id='word_1_80' title='bbox 1717 1242 1836 1299; x_wconf 76' lang='grc' dir='ltr'><em>εἷπε</em></span> <span class='ocrx_word' id='word_1_81' title='bbox 1860 1262 1873 1277; x_wconf 73' lang='grc' dir='ltr'><strong>ο</strong></span> 
     </span>
    </p>
   </div>
   <div class='ocr_carea' id='block_1_14' title="bbox 292 1333 1875 1408">
    <p class='ocr_par' dir='ltr' id='par_1_14' title="bbox 292 1333 1875 1408">
     <span class='ocr_line' id='line_1_14' title="bbox 292 1333 1875 1408; baseline 0.001 -19"><span class='ocrx_word' id='word_1_82' title='bbox 292 1335 405 1389; x_wconf 84' lang='grc' dir='ltr'><strong>Καὶ</strong></span> <span class='ocrx_word' id='word_1_83' title='bbox 455 1334 537 1389; x_wconf 89' lang='grc' dir='ltr'><em>σὺ</em></span> <span class='ocrx_word' id='word_1_84' title='bbox 572 1334 684 1407; x_wconf 87' lang='grc'><strong>(76)</strong></span> <span class='ocrx_word' id='word_1_85' title='bbox 725 1336 1079 1405; x_wconf 86' lang='grc' dir='ltr'><em>Χριστιανὸς</em></span> <span class='ocrx_word' id='word_1_86' title='bbox 1128 1333 1222 1402; x_wconf 71' lang='lat' dir='ltr'><strong>ei;</strong></span> <span class='ocrx_word' id='word_1_87' title='bbox 1274 1337 1448 1408; x_wconf 82' lang='grc' dir='ltr'><em>Ἰέραξ</em></span> <span class='ocrx_word' id='word_1_88' title='bbox 1493 1333 1644 1390; x_wconf 81' lang='grc' dir='ltr'><em>εἶπεν</em></span> <span class='ocrx_word' id='word_1_89' title='bbox 1669 1353 1683 1367; x_wconf 89' lang='grc'><strong>·</strong></span> <span class='ocrx_word' id='word_1_90' title='bbox 1738 1338 1875 1401; x_wconf 90' lang='grc' dir='ltr'><em>Ναὶ,</em></span> 
     </span>
    </p>
   </div>
   <div class='ocr_carea' id='block_1_15' title="bbox 1982 606 3575 677">
    <p class='ocr_par' dir='ltr' id='par_1_15' title="bbox 1982 606 3575 677">
     <span class='ocr_line' id='line_1_15' title="bbox 1982 606 3575 677; baseline 0.008 -18"><span class='ocrx_word' id='word_1_91' title='bbox 1982 606 2092 661; x_wconf 86' lang='lat' dir='ltr'><strong>Deo</strong></span> <span class='ocrx_word' id='word_1_92' title='bbox 2142 610 2253 675; x_wconf 83' lang='lat' dir='ltr'><strong>ipso</strong></span> <span class='ocrx_word' id='word_1_93' title='bbox 2287 609 2527 677; x_wconf 76' lang='lat' dir='ltr'><strong>juvante.</strong></span> <span class='ocrx_word' id='word_1_94' title='bbox 2574 608 2837 675; x_wconf 66' lang='lat' dir='ltr'><strong>Quaesivit</strong></span> <span class='ocrx_word' id='word_1_95' title='bbox 2888 608 3152 667; x_wconf 77' lang='lat' dir='ltr'><strong>Rusticus</strong></span> <span class='ocrx_word' id='word_1_96' title='bbox 3199 627 3229 665; x_wconf 92' lang='lat' dir='ltr'><strong>a</strong></span> <span class='ocrx_word' id='word_1_97' title='bbox 3277 612 3575 671; x_wconf 83' lang='lat' dir='ltr'><strong>Charitana</strong></span> 
     </span>
    </p>
   </div>
   <div class='ocr_carea' id='block_1_16' title="bbox 1982 699 3577 774">
    <p class='ocr_par' dir='ltr' id='par_1_16' title="bbox 1982 699 3577 774">
     <span class='ocr_line' id='line_1_16' title="bbox 1982 699 3577 774; baseline 0.007 -22"><span class='ocrx_word' id='word_1_98' title='bbox 1982 699 2232 762; x_wconf 76' lang='lat' dir='ltr'><strong>muliere,</strong></span> <span class='ocrx_word' id='word_1_99' title='bbox 2258 715 2388 753; x_wconf 89' lang='lat' dir='ltr'><strong>num</strong></span> <span class='ocrx_word' id='word_1_100' title='bbox 2416 710 2471 754; x_wconf 84' lang='lat' dir='ltr'><strong>et</strong></span> <span class='ocrx_word' id='word_1_101' title='bbox 2502 699 2621 770; x_wconf 88' lang='lat' dir='ltr'><strong>ipsa</strong></span> <span class='ocrx_word' id='word_1_102' title='bbox 2649 700 2860 756; x_wconf 86' lang='lat' dir='ltr'><strong>Christi</strong></span> <span class='ocrx_word' id='word_1_103' title='bbox 2894 700 3056 756; x_wconf 79' lang='lat' dir='ltr'><strong>ﬁdem</strong></span> <span class='ocrx_word' id='word_1_104' title='bbox 3088 713 3413 774; x_wconf 75' lang='lat' dir='ltr'><strong>sequeretur</strong></span> <span class='ocrx_word' id='word_1_105' title='bbox 3468 707 3577 763; x_wconf 84' lang='lat' dir='ltr'><strong>Cui</strong></span> 
     </span>
    </p>
   </div>
   <div class='ocr_carea' id='block_1_17' title="bbox 1981 789 3577 862">
    <p class='ocr_par' dir='ltr' id='par_1_17' title="bbox 1981 789 3577 862">
     <span class='ocr_line' id='line_1_17' title="bbox 1981 789 3577 862; baseline 0.005 -19"><span class='ocrx_word' id='word_1_106' title='bbox 1981 789 2264 859; x_wconf 88' lang='lat' dir='ltr'><strong>respondit</strong></span> <span class='ocrx_word' id='word_1_107' title='bbox 2295 791 2408 854; x_wconf 83' lang='lat' dir='ltr'><strong>illa,</strong></span> <span class='ocrx_word' id='word_1_108' title='bbox 2465 806 2521 844; x_wconf 89' lang='lat' dir='ltr'><strong>se</strong></span> <span class='ocrx_word' id='word_1_109' title='bbox 2561 806 2784 862; x_wconf 86' lang='lat' dir='ltr'><strong>quoque,</strong></span> <span class='ocrx_word' id='word_1_110' title='bbox 2823 791 2931 846; x_wconf 91' lang='lat' dir='ltr'><strong>Deo</strong></span> <span class='ocrx_word' id='word_1_111' title='bbox 2981 793 3163 858; x_wconf 86' lang='lat' dir='ltr'><strong>dante,</strong></span> <span class='ocrx_word' id='word_1_112' title='bbox 3213 794 3577 851; x_wconf 71' lang='lat' dir='ltr'><strong>Christianam</strong></span> 
     </span>
    </p>
   </div>
   <div class='ocr_carea' id='block_1_18' title="bbox 1978 880 3580 958">
    <p class='ocr_par' dir='ltr' id='par_1_18' title="bbox 1978 880 3580 958">
     <span class='ocr_line' id='line_1_18' title="bbox 1978 880 3580 958; baseline 0.006 -25"><span class='ocrx_word' id='word_1_113' title='bbox 1978 895 2113 935; x_wconf 88' lang='lat' dir='ltr'><strong>esse.</strong></span> <span class='ocrx_word' id='word_1_114' title='bbox 2143 880 2299 935; x_wconf 90' lang='lat' dir='ltr'><strong>Tunc</strong></span> <span class='ocrx_word' id='word_1_115' title='bbox 2342 880 2604 937; x_wconf 80' lang='lat' dir='ltr'><strong>Rusticus</strong></span> <span class='ocrx_word' id='word_1_116' title='bbox 2637 883 2776 937; x_wconf 80' lang='lat' dir='ltr'><strong>dixit</strong></span> <span class='ocrx_word' id='word_1_117' title='bbox 2813 883 3090 954; x_wconf 85' lang='lat' dir='ltr'><strong>Evelpisto</strong></span> <span class='ocrx_word' id='word_1_118' title='bbox 3124 904 3136 938; x_wconf 92' lang='lat'><strong>:</strong></span> <span class='ocrx_word' id='word_1_119' title='bbox 3176 885 3256 938; x_wconf 80' lang='lat' dir='ltr'><strong>Tu</strong></span> <span class='ocrx_word' id='word_1_120' title='bbox 3296 903 3414 940; x_wconf 74' lang='lat' dir='ltr'><strong>vero</strong></span> <span class='ocrx_word' id='word_1_121' title='bbox 3433 891 3580 958; x_wconf 86' lang='lat' dir='ltr'><strong>quis-</strong></span> 
     </span>
    </p>
   </div>
   <div class='ocr_carea' id='block_1_19' title="bbox 1980 970 3578 1046">
    <p class='ocr_par' dir='ltr' id='par_1_19' title="bbox 1980 970 3578 1046">
     <span class='ocr_line' id='line_1_19' title="bbox 1980 970 3578 1046; baseline 0.008 -23"><span class='ocrx_word' id='word_1_122' title='bbox 1980 986 2105 1023; x_wconf 90' lang='lat' dir='ltr'><strong>nam</strong></span> <span class='ocrx_word' id='word_1_123' title='bbox 2144 972 2243 1025; x_wconf 75' lang='lat' dir='ltr'><strong>es?</strong></span> <span class='ocrx_word' id='word_1_124' title='bbox 2284 970 2393 1038; x_wconf 87' lang='lat' dir='ltr'><strong>Qui</strong></span> <span class='ocrx_word' id='word_1_125' title='bbox 2449 974 2733 1042; x_wconf 84' lang='lat' dir='ltr'><strong>respondit</strong></span> <span class='ocrx_word' id='word_1_126' title='bbox 2771 993 2785 1028; x_wconf 86' lang='lat'><strong>:</strong></span> <span class='ocrx_word' id='word_1_127' title='bbox 2858 974 3050 1029; x_wconf 80' lang='lat' dir='ltr'><strong>Servus</strong></span> <span class='ocrx_word' id='word_1_128' title='bbox 3093 977 3303 1046; x_wconf 84' lang='lat' dir='ltr'><strong>quidem</strong></span> <span class='ocrx_word' id='word_1_129' title='bbox 3346 980 3578 1036; x_wconf 75' lang='lat' dir='ltr'><strong>Cwsaris</strong></span> 
     </span>
    </p>
   </div>
   <div class='ocr_carea' id='block_1_20' title="bbox 1979 1062 3577 1136">
    <p class='ocr_par' dir='ltr' id='par_1_20' title="bbox 1979 1062 3577 1136">
     <span class='ocr_line' id='line_1_20' title="bbox 1979 1062 3577 1136; baseline 0.008 -22"><span class='ocrx_word' id='word_1_130' title='bbox 1979 1078 2133 1124; x_wconf 85' lang='lat' dir='ltr'><strong>sum;</strong></span> <span class='ocrx_word' id='word_1_131' title='bbox 2156 1063 2245 1117; x_wconf 87' lang='lat' dir='ltr'><strong>sed</strong></span> <span class='ocrx_word' id='word_1_132' title='bbox 2273 1062 2613 1117; x_wconf 86' lang='lat' dir='ltr'><strong>Christianus</strong></span> <span class='ocrx_word' id='word_1_133' title='bbox 2640 1082 2675 1117; x_wconf 91' lang='lat' dir='ltr'><strong>a</strong></span> <span class='ocrx_word' id='word_1_134' title='bbox 2709 1064 2922 1119; x_wconf 88' lang='lat' dir='ltr'><strong>Christo</strong></span> <span class='ocrx_word' id='word_1_135' title='bbox 2970 1068 3084 1136; x_wconf 89' lang='lat' dir='ltr'><strong>ipso</strong></span> <span class='ocrx_word' id='word_1_136' title='bbox 3128 1070 3371 1125; x_wconf 83' lang='lat' dir='ltr'><strong>libertate</strong></span> <span class='ocrx_word' id='word_1_137' title='bbox 3398 1072 3577 1127; x_wconf 88' lang='lat' dir='ltr'><strong>dona-</strong></span> 
     </span>
    </p>
   </div>
   <div class='ocr_carea' id='block_1_21' title="bbox 1981 1155 3580 1234">
    <p class='ocr_par' dir='ltr' id='par_1_21' title="bbox 1981 1155 3580 1234">
     <span class='ocr_line' id='line_1_21' title="bbox 1981 1155 3580 1234; baseline 0.008 -26"><span class='ocrx_word' id='word_1_138' title='bbox 1981 1163 2085 1219; x_wconf 87' lang='lat' dir='ltr'><strong>tus,</strong></span> <span class='ocrx_word' id='word_1_139' title='bbox 2123 1164 2173 1209; x_wconf 92' lang='lat' dir='ltr'><strong>et</strong></span> <span class='ocrx_word' id='word_1_140' title='bbox 2207 1155 2355 1210; x_wconf 89' lang='lat' dir='ltr'><strong>illius</strong></span> <span class='ocrx_word' id='word_1_141' title='bbox 2379 1155 2629 1226; x_wconf 79' lang='lat' dir='ltr'><strong>beneﬁcio</strong></span> <span class='ocrx_word' id='word_1_142' title='bbox 2658 1168 2813 1229; x_wconf 88' lang='lat' dir='ltr'><strong>atque</strong></span> <span class='ocrx_word' id='word_1_143' title='bbox 2835 1162 3034 1228; x_wconf 88' lang='lat' dir='ltr'><strong>gratia,</strong></span> <span class='ocrx_word' id='word_1_144' title='bbox 3069 1162 3306 1230; x_wconf 75' lang='lat' dir='ltr'><strong>ejusdem</strong></span> <span class='ocrx_word' id='word_1_145' title='bbox 3332 1168 3463 1234; x_wconf 90' lang='lat' dir='ltr'><strong>spei,</strong></span> <span class='ocrx_word' id='word_1_146' title='bbox 3490 1183 3580 1219; x_wconf 87' lang='lat' dir='ltr'><strong>cu-</strong></span> 
     </span>
    </p>
   </div>
   <div class='ocr_carea' id='block_1_22' title="bbox 1969 1246 3578 1322">
    <p class='ocr_par' dir='ltr' id='par_1_22' title="bbox 1969 1246 3578 1322">
     <span class='ocr_line' id='line_1_22' title="bbox 1969 1246 3578 1322; baseline 0.009 -23"><span class='ocrx_word' id='word_1_147' title='bbox 1969 1246 2063 1315; x_wconf 85' lang='lat' dir='ltr'><strong>jus</strong></span> <span class='ocrx_word' id='word_1_148' title='bbox 2087 1255 2139 1300; x_wconf 87' lang='lat' dir='ltr'><strong>et</strong></span> <span class='ocrx_word' id='word_1_149' title='bbox 2175 1248 2287 1311; x_wconf 89' lang='lat' dir='ltr'><strong>isti,</strong></span> <span class='ocrx_word' id='word_1_150' title='bbox 2340 1263 2471 1317; x_wconf 85' lang='lat' dir='ltr'><strong>quos</strong></span> <span class='ocrx_word' id='word_1_151' title='bbox 2520 1249 2685 1317; x_wconf 84' lang='lat' dir='ltr'><strong>vides,</strong></span> <span class='ocrx_word' id='word_1_152' title='bbox 2730 1253 2991 1320; x_wconf 73' lang='lat' dir='ltr'><strong>particeps</strong></span> <span class='ocrx_word' id='word_1_153' title='bbox 3053 1254 3250 1322; x_wconf 81' lang='lat' dir='ltr'><strong>factus.</strong></span> <span class='ocrx_word' id='word_1_154' title='bbox 3295 1255 3425 1311; x_wconf 87' lang='lat' dir='ltr'><strong>Post</strong></span> <span class='ocrx_word' id='word_1_155' title='bbox 3464 1258 3578 1313; x_wconf 69' lang='lat' dir='ltr'><strong>htec</strong></span> 
     </span>
    </p>
   </div>
   <div class='ocr_carea' id='block_1_23' title="bbox 1977 1335 3576 1417">
    <p class='ocr_par' dir='ltr' id='par_1_23' title="bbox 1977 1335 3576 1417">
     <span class='ocr_line' id='line_1_23' title="bbox 1977 1335 3576 1417; baseline 0.01 -29"><span class='ocrx_word' id='word_1_156' title='bbox 1977 1335 2271 1405; x_wconf 66' lang='lat' dir='ltr'><strong>praefectus</strong></span> <span class='ocrx_word' id='word_1_157' title='bbox 2300 1339 2554 1406; x_wconf 63' lang='lat' dir='ltr'><strong>quaesivit</strong></span> <span class='ocrx_word' id='word_1_158' title='bbox 2594 1341 2662 1395; x_wconf 89' lang='lat' dir='ltr'><strong>ab</strong></span> <span class='ocrx_word' id='word_1_159' title='bbox 2694 1340 2944 1406; x_wconf 84' lang='lat' dir='ltr'><strong>Hierace,</strong></span> <span class='ocrx_word' id='word_1_160' title='bbox 2974 1360 3104 1398; x_wconf 90' lang='lat' dir='ltr'><strong>num</strong></span> <span class='ocrx_word' id='word_1_161' title='bbox 3137 1354 3192 1400; x_wconf 91' lang='lat' dir='ltr'><strong>et</strong></span> <span class='ocrx_word' id='word_1_162' title='bbox 3235 1348 3352 1417; x_wconf 87' lang='lat' dir='ltr'><strong>ipse</strong></span> <span class='ocrx_word' id='word_1_163' title='bbox 3411 1349 3576 1404; x_wconf 89' lang='lat' dir='ltr'><strong>Chri-</strong></span> 
     </span>
    </p>
   </div>
   <div class='ocr_carea' id='block_1_24' title="bbox 292 1428 1878 1502">
    <p class='ocr_par' dir='ltr' id='par_1_24' title="bbox 292 1430 1876 1502">
     <span class='ocr_line' id='line_1_24' title="bbox 292 1430 1876 1502; baseline 0.002 -19"><span class='ocrx_word' id='word_1_164' title='bbox 292 1430 650 1498; x_wconf 86' lang='grc' dir='ltr'><em>Χριστιανός</em></span> <span class='ocrx_word' id='word_1_165' title='bbox 670 1433 805 1500; x_wconf 89' lang='grc' dir='ltr'><em>εὶμι,</em></span> <span class='ocrx_word' id='word_1_166' title='bbox 858 1430 967 1485; x_wconf 79' lang='grc' dir='ltr'><em>τὸν</em></span> <span class='ocrx_word' id='word_1_167' title='bbox 996 1433 1104 1502; x_wconf 84' lang='grc' dir='ltr'><em>γὰρ</em></span> <span class='ocrx_word' id='word_1_168' title='bbox 1135 1433 1324 1487; x_wconf 85' lang='grc' dir='ltr'><em>αὑτὸν</em></span> <span class='ocrx_word' id='word_1_169' title='bbox 1346 1433 1496 1487; x_wconf 82' lang='grc' dir='ltr'><em>Θεὸν</em></span> <span class='ocrx_word' id='word_1_170' title='bbox 1514 1432 1761 1501; x_wconf 80' lang='grc' dir='ltr'><em>σέϐομαι</em></span> <span class='ocrx_word' id='word_1_171' title='bbox 1778 1432 1876 1487; x_wconf 81' lang='grc' dir='ltr'><strong>καὶ</strong></span> 
     </span>
    </p>
   </div>
   <div class='ocr_carea' id='block_1_25' title="bbox 1987 1428 3576 1502">
    <p class='ocr_par' dir='ltr' id='par_1_25' title="bbox 1987 1428 3576 1495">
     <span class='ocr_line' id='line_1_25' title="bbox 1987 1428 3576 1495; baseline 0.009 -15"><span class='ocrx_word' id='word_1_172' title='bbox 1987 1428 2190 1483; x_wconf 73' lang='lat' dir='ltr'><strong>stianus</strong></span> <span class='ocrx_word' id='word_1_173' title='bbox 2214 1437 2379 1484; x_wconf 85' lang='lat' dir='ltr'><strong>esset.</strong></span> <span class='ocrx_word' id='word_1_174' title='bbox 2406 1429 2506 1484; x_wconf 88' lang='lat' dir='ltr'><strong>Cui</strong></span> <span class='ocrx_word' id='word_1_175' title='bbox 2539 1430 2739 1486; x_wconf 83' lang='lat' dir='ltr'><strong>Hierax</strong></span> <span class='ocrx_word' id='word_1_176' title='bbox 2768 1433 2905 1488; x_wconf 79' lang='lat' dir='ltr'><strong>dixit</strong></span> <span class='ocrx_word' id='word_1_177' title='bbox 2932 1454 2945 1489; x_wconf 85' lang='lat'>:</span> <span class='ocrx_word' id='word_1_178' title='bbox 2976 1435 3129 1490; x_wconf 85' lang='lat' dir='ltr'><strong>Certe</strong></span> <span class='ocrx_word' id='word_1_179' title='bbox 3158 1436 3495 1494; x_wconf 84' lang='lat' dir='ltr'><strong>Christianus</strong></span> <span class='ocrx_word' id='word_1_180' title='bbox 3525 1452 3576 1495; x_wconf 88' lang='lat' dir='ltr'><strong>et</strong></span> 
     </span>
    </p>
   </div>
   <div class='ocr_carea' id='block_1_26' title="bbox 293 1520 1878 1601">
    <p class='ocr_par' dir='ltr' id='par_1_26' title="bbox 293 1520 1875 1596">
     <span class='ocr_line' id='line_1_26' title="bbox 293 1520 1875 1596; baseline 0.002 -22"><span class='ocrx_word' id='word_1_181' title='bbox 293 1521 637 1588; x_wconf 75' lang='grc' dir='ltr'><em>προσκυνῶ.</em></span> <span class='ocrx_word' id='word_1_182' title='bbox 682 1522 994 1587; x_wconf 81' lang='grc' dir='ltr'><em>Ῥουστικὸς</em></span> <span class='ocrx_word' id='word_1_183' title='bbox 1040 1523 1278 1596; x_wconf 77' lang='grc' dir='ltr'><strong>ἔπαρχος</strong></span> <span class='ocrx_word' id='word_1_184' title='bbox 1321 1520 1504 1577; x_wconf 58' lang='grc' dir='ltr'><em>εἶπεν</em></span> <span class='ocrx_word' id='word_1_185' title='bbox 1549 1524 1875 1590; x_wconf 88' lang='grc' dir='ltr'><em>Ἰουστῒνος</em></span> 
     </span>
    </p>
   </div>
   <div class='ocr_carea' id='block_1_27' title="bbox 1987 1520 3574 1601">
    <p class='ocr_par' dir='ltr' id='par_1_27' title="bbox 1987 1520 3574 1601">
     <span class='ocr_line' id='line_1_27' title="bbox 1987 1520 3574 1601; baseline 0.011 -31"><span class='ocrx_word' id='word_1_186' title='bbox 1987 1534 2065 1588; x_wconf 69' lang='lat' dir='ltr'><strong>ego</strong></span> <span class='ocrx_word' id='word_1_187' title='bbox 2097 1535 2237 1585; x_wconf 88' lang='lat' dir='ltr'><strong>sum,</strong></span> <span class='ocrx_word' id='word_1_188' title='bbox 2270 1520 2508 1575; x_wconf 86' lang='lat' dir='ltr'><strong>eumdem</strong></span> <span class='ocrx_word' id='word_1_189' title='bbox 2546 1524 2686 1576; x_wconf 90' lang='lat' dir='ltr'><strong>enim</strong></span> <span class='ocrx_word' id='word_1_190' title='bbox 2718 1524 2883 1579; x_wconf 90' lang='lat' dir='ltr'><strong>Deum</strong></span> <span class='ocrx_word' id='word_1_191' title='bbox 2912 1528 3030 1581; x_wconf 92' lang='lat' dir='ltr'><strong>colo</strong></span> <span class='ocrx_word' id='word_1_192' title='bbox 3067 1540 3226 1598; x_wconf 89' lang='lat' dir='ltr'><strong>atque</strong></span> <span class='ocrx_word' id='word_1_193' title='bbox 3252 1530 3437 1585; x_wconf 91' lang='lat' dir='ltr'><strong>adoro.</strong></span> <span class='ocrx_word' id='word_1_194' title='bbox 3471 1539 3574 1601; x_wconf 78' lang='lat' dir='ltr'><strong>An,</strong></span> 
     </span>
    </p>
   </div>
   <div class='ocr_carea' id='block_1_28' title="bbox 292 1609 1878 1689">
    <p class='ocr_par' dir='ltr' id='par_1_28' title="bbox 292 1612 1875 1689">
     <span class='ocr_line' id='line_1_28' title="bbox 292 1612 1875 1689; baseline 0.001 -22"><span class='ocrx_word' id='word_1_195' title='bbox 292 1613 451 1683; x_wconf 83' lang='grc' dir='ltr'><em>ὑμᾶς</em></span> <span class='ocrx_word' id='word_1_196' title='bbox 478 1616 732 1683; x_wconf 82' lang='grc' dir='ltr'><em>ἐποίησε</em></span> <span class='ocrx_word' id='word_1_197' title='bbox 774 1617 1207 1685; x_wconf 87' lang='grc' dir='ltr'><em>Χριστιανούς;</em></span> <span class='ocrx_word' id='word_1_198' title='bbox 1248 1615 1422 1689; x_wconf 79' lang='grc' dir='ltr'><em>Ἱέραξ</em></span> <span class='ocrx_word' id='word_1_199' title='bbox 1460 1612 1642 1670; x_wconf 74' lang='grc' dir='ltr'><em>εἶπενο</em></span> <span class='ocrx_word' id='word_1_200' title='bbox 1678 1619 1875 1685; x_wconf 87' lang='grc' dir='ltr'><em>Ἦμην</em></span> 
     </span>
    </p>
   </div>
   <div class='ocr_carea' id='block_1_29' title="bbox 1987 1609 3571 1689">
    <p class='ocr_par' dir='ltr' id='par_1_29' title="bbox 1994 1611 3571 1687">
     <span class='ocr_line' id='line_1_29' title="bbox 1994 1611 3571 1687; baseline 0.01 -24"><span class='ocrx_word' id='word_1_201' title='bbox 1994 1612 2151 1680; x_wconf 88' lang='lat' dir='ltr'><strong>nquit</strong></span> <span class='ocrx_word' id='word_1_202' title='bbox 2182 1611 2494 1683; x_wconf 70' lang='lat' dir='ltr'><strong>praefectus,</strong></span> <span class='ocrx_word' id='word_1_203' title='bbox 2523 1614 2858 1671; x_wconf 86' lang='lat' dir='ltr'><strong>Christianos</strong></span> <span class='ocrx_word' id='word_1_204' title='bbox 2890 1635 2977 1673; x_wconf 88' lang='lat' dir='ltr'><strong>vos</strong></span> <span class='ocrx_word' id='word_1_205' title='bbox 3010 1620 3132 1687; x_wconf 75' lang='lat' dir='ltr'><strong>fecit</strong></span> <span class='ocrx_word' id='word_1_206' title='bbox 3162 1621 3413 1677; x_wconf 80' lang='lat' dir='ltr'><strong>Justinus</strong></span> <span class='ocrx_word' id='word_1_207' title='bbox 3440 1627 3465 1679; x_wconf 88' lang='lat'><strong>?</strong></span> <span class='ocrx_word' id='word_1_208' title='bbox 3503 1656 3571 1665; x_wconf 92' lang='lat'><strong><em>—</em></strong></span> 
     </span>
    </p>
   </div>
   <div class='ocr_carea' id='block_1_30' title="bbox 293 1700 1878 1777">
    <p class='ocr_par' dir='ltr' id='par_1_30' title="bbox 293 1703 1873 1777">
     <span class='ocr_line' id='line_1_30' title="bbox 293 1703 1873 1777; baseline 0.003 -19"><span class='ocrx_word' id='word_1_209' title='bbox 293 1706 668 1773; x_wconf 82' lang='grc' dir='ltr'><em>Χριστιανὸς,</em></span> <span class='ocrx_word' id='word_1_210' title='bbox 699 1706 799 1759; x_wconf 82' lang='grc' dir='ltr'><em>καὶ</em></span> <span class='ocrx_word' id='word_1_211' title='bbox 818 1707 1051 1777; x_wconf 71' lang='grc' dir='ltr'><em>ἔσομαι.</em></span> <span class='ocrx_word' id='word_1_212' title='bbox 1084 1708 1267 1761; x_wconf 84' lang='grc' dir='ltr'>Παίων</span> <span class='ocrx_word' id='word_1_213' title='bbox 1294 1709 1349 1761; x_wconf 82' lang='grc' dir='ltr'><strong>δὲ</strong></span> <span class='ocrx_word' id='word_1_214' title='bbox 1370 1707 1541 1771; x_wconf 82' lang='grc' dir='ltr'><em>ἑστὼς</em></span> <span class='ocrx_word' id='word_1_215' title='bbox 1568 1703 1689 1761; x_wconf 80' lang='grc' dir='ltr'><em>εἷπε</em></span> <span class='ocrx_word' id='word_1_216' title='bbox 1712 1724 1725 1738; x_wconf 89' lang='grc'><strong>·</strong></span> <span class='ocrx_word' id='word_1_217' title='bbox 1755 1709 1873 1762; x_wconf 82' lang='grc' dir='ltr'><strong>Κά-</strong></span> 
     </span>
    </p>
   </div>
   <div class='ocr_carea' id='block_1_31' title="bbox 1987 1700 3574 1777">
    <p class='ocr_par' dir='ltr' id='par_1_31' title="bbox 1987 1700 3574 1777">
     <span class='ocr_line' id='line_1_31' title="bbox 1987 1700 3574 1777; baseline 0.009 -22"><span class='ocrx_word' id='word_1_218' title='bbox 1987 1700 2107 1771; x_wconf 84' lang='lat' dir='ltr'><strong>Ego,</strong></span> <span class='ocrx_word' id='word_1_219' title='bbox 2135 1705 2315 1774; x_wconf 88' lang='lat' dir='ltr'><strong>inquit</strong></span> <span class='ocrx_word' id='word_1_220' title='bbox 2348 1705 2569 1769; x_wconf 84' lang='lat' dir='ltr'><strong>Hierax,</strong></span> <span class='ocrx_word' id='word_1_221' title='bbox 2601 1716 2652 1762; x_wconf 89' lang='lat' dir='ltr'><strong>et</strong></span> <span class='ocrx_word' id='word_1_222' title='bbox 2677 1709 2780 1777; x_wconf 79' lang='lat' dir='ltr'><strong>fui,</strong></span> <span class='ocrx_word' id='word_1_223' title='bbox 2818 1718 2869 1764; x_wconf 92' lang='lat' dir='ltr'><strong>et</strong></span> <span class='ocrx_word' id='word_1_224' title='bbox 2898 1727 2987 1764; x_wconf 91' lang='lat' dir='ltr'><strong>ero</strong></span> <span class='ocrx_word' id='word_1_225' title='bbox 3019 1710 3377 1768; x_wconf 84' lang='lat' dir='ltr'><strong>Christianus.</strong></span> <span class='ocrx_word' id='word_1_226' title='bbox 3410 1714 3574 1770; x_wconf 86' lang='lat' dir='ltr'><strong>Stans</strong></span> 
     </span>
    </p>
   </div>
   <div class='ocr_carea' id='block_1_32' title="bbox 292 1795 1878 1874">
    <p class='ocr_par' dir='ltr' id='par_1_32' title="bbox 292 1795 1865 1870">
     <span class='ocr_line' id='line_1_32' title="bbox 292 1795 1865 1870; baseline 0.002 -21"><span class='ocrx_word' id='word_1_227' title='bbox 292 1796 376 1867; x_wconf 86' lang='grc' dir='ltr'><em>γὼ</em></span> <span class='ocrx_word' id='word_1_228' title='bbox 402 1799 758 1865; x_wconf 85' lang='grc' dir='ltr'><em>Χριστιανός</em></span> <span class='ocrx_word' id='word_1_229' title='bbox 790 1801 925 1867; x_wconf 77' lang='grc' dir='ltr'><em>ειμι.</em></span> <span class='ocrx_word' id='word_1_230' title='bbox 967 1799 1276 1862; x_wconf 80' lang='grc' dir='ltr'><em>Ῥουστικὸς</em></span> <span class='ocrx_word' id='word_1_231' title='bbox 1321 1799 1557 1870; x_wconf 75' lang='grc' dir='ltr'><strong>ἔπαρχος</strong></span> <span class='ocrx_word' id='word_1_232' title='bbox 1584 1795 1705 1852; x_wconf 76' lang='grc' dir='ltr'><em>εἷπε</em></span> <span class='ocrx_word' id='word_1_233' title='bbox 1725 1816 1739 1829; x_wconf 88' lang='grc'><strong>·</strong></span> <span class='ocrx_word' id='word_1_234' title='bbox 1778 1800 1865 1864; x_wconf 86' lang='grc' dir='ltr'><strong>Τίς</strong></span> 
     </span>
    </p>
   </div>
   <div class='ocr_carea' id='block_1_33' title="bbox 1987 1795 3571 1874">
    <p class='ocr_par' dir='ltr' id='par_1_33' title="bbox 1987 1796 3571 1874">
     <span class='ocr_line' id='line_1_33' title="bbox 1987 1796 3571 1874; baseline 0.011 -26"><span class='ocrx_word' id='word_1_235' title='bbox 1987 1805 2158 1851; x_wconf 79' lang='grc' dir='ltr'><em>ιυιεηι</em></span> <span class='ocrx_word' id='word_1_236' title='bbox 2187 1806 2242 1851; x_wconf 88' lang='lat' dir='ltr'><strong>et</strong></span> <span class='ocrx_word' id='word_1_237' title='bbox 2270 1796 2433 1853; x_wconf 66' lang='lat' dir='ltr'><strong>Paeon</strong></span> <span class='ocrx_word' id='word_1_238' title='bbox 2465 1798 2602 1853; x_wconf 75' lang='lat' dir='ltr'><strong>dixit</strong></span> <span class='ocrx_word' id='word_1_239' title='bbox 2638 1821 2652 1855; x_wconf 89' lang='lat'><strong>:</strong></span> <span class='ocrx_word' id='word_1_240' title='bbox 2686 1800 2799 1872; x_wconf 89' lang='lat' dir='ltr'><strong>Ego</strong></span> <span class='ocrx_word' id='word_1_241' title='bbox 2824 1820 3029 1874; x_wconf 86' lang='lat' dir='ltr'><strong>quoque</strong></span> <span class='ocrx_word' id='word_1_242' title='bbox 3057 1822 3172 1859; x_wconf 87' lang='lat' dir='ltr'><strong>sum</strong></span> <span class='ocrx_word' id='word_1_243' title='bbox 3208 1806 3571 1865; x_wconf 88' lang='lat' dir='ltr'><strong>Christianus.</strong></span> 
     </span>
    </p>
   </div>
   <div class='ocr_carea' id='block_1_34' title="bbox 295 1862 1878 1961">
    <p class='ocr_par' dir='ltr' id='par_1_34' title="bbox 295 1862 1872 1960">
     <span class='ocr_line' id='line_1_34' title="bbox 295 1862 1872 1960; baseline 0.001 -19"><span class='ocrx_word' id='word_1_244' title='bbox 295 1862 328 1941; x_wconf 59' lang='grc' dir='ltr'>ὅ</span> <span class='ocrx_word' id='word_1_245' title='bbox 346 1862 595 1954; x_wconf 68' lang='grc' dir='ltr'><em>διδαξας</em></span> <span class='ocrx_word' id='word_1_246' title='bbox 622 1902 697 1941; x_wconf 90' lang='grc' dir='ltr'><strong>σε</strong></span> <span class='ocrx_word' id='word_1_247' title='bbox 719 1862 743 1952; x_wconf 15' lang='grc' dir='ltr'><strong>;Ϋ</strong></span> <span class='ocrx_word' id='word_1_248' title='bbox 761 1862 943 1943; x_wconf 74' lang='grc' dir='ltr'><em>Παίων</em></span> <span class='ocrx_word' id='word_1_249' title='bbox 959 1884 1110 1943; x_wconf 77' lang='grc' dir='ltr'><em>εἶπεν</em></span> <span class='ocrx_word' id='word_1_250' title='bbox 1128 1905 1144 1920; x_wconf 77' lang='grc' dir='ltr'><strong>ο</strong></span> <span class='ocrx_word' id='word_1_251' title='bbox 1187 1889 1320 1943; x_wconf 86' lang='grc' dir='ltr'><strong>Ἀπὸ</strong></span> <span class='ocrx_word' id='word_1_252' title='bbox 1337 1862 1705 1960; x_wconf 45' lang='grc' dir='ltr'><em>τῶνῖιονέων</em></span> <span class='ocrx_word' id='word_1_253' title='bbox 1724 1862 1872 1958; x_wconf 48' lang='grc' dir='ltr'><em>παρξ</em></span> 
     </span>
    </p>
   </div>
   <div class='ocr_carea' id='block_1_35' title="bbox 1987 1862 3575 1961">
    <p class='ocr_par' dir='ltr' id='par_1_35' title="bbox 1987 1862 3575 1961">
     <span class='ocr_line' id='line_1_35' title="bbox 1987 1862 3575 1961; baseline 0.009 -23"><span class='ocrx_word' id='word_1_254' title='bbox 1987 1915 2043 1925; x_wconf 96' lang='grc'><strong>-</strong></span> <span class='ocrx_word' id='word_1_255' title='bbox 2081 1884 2151 1939; x_wconf 84' lang='lat' dir='ltr'><strong>Et</strong></span> <span class='ocrx_word' id='word_1_256' title='bbox 2192 1888 2475 1956; x_wconf 83' lang='lat' dir='ltr'><strong>quisnam,</strong></span> <span class='ocrx_word' id='word_1_257' title='bbox 2513 1890 2689 1959; x_wconf 85' lang='lat' dir='ltr'><strong>inquit</strong></span> <span class='ocrx_word' id='word_1_258' title='bbox 2734 1862 3062 1961; x_wconf 56' lang='lat' dir='ltr'><strong>prtefeclus,</strong></span> <span class='ocrx_word' id='word_1_259' title='bbox 3119 1906 3168 1950; x_wconf 93' lang='lat' dir='ltr'><strong>te</strong></span> <span class='ocrx_word' id='word_1_260' title='bbox 3206 1896 3427 1954; x_wconf 83' lang='lat' dir='ltr'><strong>docuit?</strong></span> <span class='ocrx_word' id='word_1_261' title='bbox 3469 1898 3575 1953; x_wconf 54' lang='lat' dir='ltr'><strong>lie.</strong></span> 
     </span>
    </p>
   </div>
   <div class='ocr_carea' id='block_1_36' title="bbox 291 1978 1873 2052">
    <p class='ocr_par' dir='ltr' id='par_1_36' title="bbox 291 1978 1873 2052">
     <span class='ocr_line' id='line_1_36' title="bbox 291 1978 1873 2052; baseline 0.001 -20"><span class='ocrx_word' id='word_1_262' title='bbox 291 1978 627 2050; x_wconf 62' lang='lat' dir='ltr'><strong>etlrlgcaper</strong></span> <span class='ocrx_word' id='word_1_263' title='bbox 677 1980 793 2048; x_wconf 80' lang='grc' dir='ltr'><em>τὴν</em></span> <span class='ocrx_word' id='word_1_264' title='bbox 828 1980 1027 2049; x_wconf 78' lang='grc' dir='ltr'><em>καλὴν</em></span> <span class='ocrx_word' id='word_1_265' title='bbox 1061 1983 1288 2050; x_wconf 83' lang='grc' dir='ltr'><em>ταύτην</em></span> <span class='ocrx_word' id='word_1_266' title='bbox 1312 1983 1655 2052; x_wconf 83' lang='grc' dir='ltr'><em>ὁμολογίαν.</em></span> <span class='ocrx_word' id='word_1_267' title='bbox 1707 1982 1873 2035; x_wconf 76' lang='grc' dir='ltr'><em>Εὐέλ-</em></span> 
     </span>
    </p>
   </div>
   <div class='ocr_carea' id='block_1_37' title="bbox 260 2067 1873 2143">
    <p class='ocr_par' dir='ltr' id='par_1_37' title="bbox 260 2067 1873 2143">
     <span class='ocr_line' id='line_1_37' title="bbox 260 2067 1873 2143; baseline 0.003 -20"><span class='ocrx_word' id='word_1_268' title='bbox 260 2120 261 2123; x_wconf 45' lang='grc' dir='ltr'><strong>η</strong></span> <span class='ocrx_word' id='word_1_269' title='bbox 292 2087 484 2134; x_wconf 86' lang='grc' dir='ltr'><em>πιστος</em></span> <span class='ocrx_word' id='word_1_270' title='bbox 538 2067 690 2123; x_wconf 76' lang='grc' dir='ltr'><em>εἶπεν</em></span> <span class='ocrx_word' id='word_1_271' title='bbox 710 2088 724 2102; x_wconf 78' lang='grc'><em>’</em></span> <span class='ocrx_word' id='word_1_272' title='bbox 771 2072 1102 2127; x_wconf 89' lang='grc' dir='ltr'><em>Ἰουστίνου</em></span> <span class='ocrx_word' id='word_1_273' title='bbox 1134 2072 1253 2142; x_wconf 83' lang='grc' dir='ltr'><em>μὲν</em></span> <span class='ocrx_word' id='word_1_274' title='bbox 1282 2073 1472 2143; x_wconf 74' lang='grc' dir='ltr'><em>ἡδέως</em></span> <span class='ocrx_word' id='word_1_275' title='bbox 1506 2074 1734 2143; x_wconf 81' lang='grc' dir='ltr'><em>ἤκουον</em></span> <span class='ocrx_word' id='word_1_276' title='bbox 1754 2076 1873 2131; x_wconf 86' lang='grc' dir='ltr'><em>τῶν</em></span> 
     </span>
    </p>
   </div>
   <div class='ocr_carea' id='block_1_38' title="bbox 290 2162 1872 2235">
    <p class='ocr_par' dir='ltr' id='par_1_38' title="bbox 290 2162 1872 2235">
     <span class='ocr_line' id='line_1_38' title="bbox 290 2162 1872 2235; baseline 0.003 -19"><span class='ocrx_word' id='word_1_277' title='bbox 290 2163 506 2232; x_wconf 86' lang='grc' dir='ltr'><em>λόγων.</em></span> <span class='ocrx_word' id='word_1_278' title='bbox 546 2165 715 2231; x_wconf 84' lang='grc' dir='ltr'><em>Παρὰ</em></span> <span class='ocrx_word' id='word_1_279' title='bbox 759 2162 878 2217; x_wconf 79' lang='grc' dir='ltr'><em>τῶν</em></span> <span class='ocrx_word' id='word_1_280' title='bbox 928 2163 1152 2233; x_wconf 77' lang='grc' dir='ltr'><em>γονέων</em></span> <span class='ocrx_word' id='word_1_281' title='bbox 1214 2163 1285 2217; x_wconf 84' lang='grc' dir='ltr'><strong>δὲ</strong></span> <span class='ocrx_word' id='word_1_282' title='bbox 1328 2164 1490 2235; x_wconf 81' lang='grc' dir='ltr'><strong>κάγὼ</strong></span> <span class='ocrx_word' id='word_1_283' title='bbox 1532 2166 1872 2235; x_wconf 69' lang='grc' dir='ltr'><em>παρείληφα</em></span> 
     </span>
    </p>
   </div>
   <div class='ocr_carea' id='block_1_39' title="bbox 292 2252 1873 2331">
    <p class='ocr_par' dir='ltr' id='par_1_39' title="bbox 292 2252 1873 2331">
     <span class='ocr_line' id='line_1_39' title="bbox 292 2252 1873 2331; baseline 0.004 -24"><span class='ocrx_word' id='word_1_284' title='bbox 292 2256 647 2323; x_wconf 83' lang='grc' dir='ltr'><em>Χριστιανὸς</em></span> <span class='ocrx_word' id='word_1_285' title='bbox 691 2252 861 2311; x_wconf 82' lang='grc' dir='ltr'><em>εῖναι.</em></span> <span class='ocrx_word' id='word_1_286' title='bbox 910 2257 1221 2322; x_wconf 76' lang='grc' dir='ltr'><em>Ῥουστικὸς</em></span> <span class='ocrx_word' id='word_1_287' title='bbox 1264 2258 1502 2331; x_wconf 76' lang='grc' dir='ltr'><strong>ἔπαρχος</strong></span> <span class='ocrx_word' id='word_1_288' title='bbox 1550 2255 1704 2312; x_wconf 78' lang='grc' dir='ltr'><em>εἷπε·</em></span> <span class='ocrx_word' id='word_1_289' title='bbox 1746 2260 1873 2313; x_wconf 87' lang='grc' dir='ltr'><strong>Ποῦ</strong></span> 
     </span>
    </p>
   </div>
   <div class='ocr_carea' id='block_1_40' title="bbox 291 2346 1872 2422">
    <p class='ocr_par' dir='ltr' id='par_1_40' title="bbox 291 2346 1872 2422">
     <span class='ocr_line' id='line_1_40' title="bbox 291 2346 1872 2422; baseline 0.004 -22"><span class='ocrx_word' id='word_1_290' title='bbox 291 2350 449 2400; x_wconf 74' lang='grc' dir='ltr'><em>εἰσιν</em></span> <span class='ocrx_word' id='word_1_291' title='bbox 502 2351 559 2401; x_wconf 79' lang='lat' dir='ltr'><strong>oi</strong></span> <span class='ocrx_word' id='word_1_292' title='bbox 602 2346 800 2417; x_wconf 77' lang='grc' dir='ltr'><em>γονεῖς</em></span> <span class='ocrx_word' id='word_1_293' title='bbox 841 2360 995 2412; x_wconf 85' lang='grc' dir='ltr'><em>σου;</em></span> <span class='ocrx_word' id='word_1_294' title='bbox 1050 2349 1379 2414; x_wconf 82' lang='grc' dir='ltr'><em>Εὐέλπιστος</em></span> <span class='ocrx_word' id='word_1_295' title='bbox 1420 2347 1601 2404; x_wconf 75' lang='grc' dir='ltr'><em>εἶπεν·</em></span> <span class='ocrx_word' id='word_1_296' title='bbox 1670 2354 1765 2406; x_wconf 85' lang='grc' dir='ltr'><em>Ἐν</em></span> <span class='ocrx_word' id='word_1_297' title='bbox 1798 2352 1872 2422; x_wconf 83' lang='grc' dir='ltr'><em>τῇ</em></span> 
     </span>
    </p>
   </div>
   <div class='ocr_carea' id='block_1_41' title="bbox 289 2438 1874 2513">
    <p class='ocr_par' dir='ltr' id='par_1_41' title="bbox 289 2438 1874 2513">
     <span class='ocr_line' id='line_1_41' title="bbox 289 2438 1874 2513; baseline 0.003 -20"><span class='ocrx_word' id='word_1_298' title='bbox 289 2438 703 2506; x_wconf 76' lang='grc' dir='ltr'><em>Καππαδοκίᾳ.</em></span> <span class='ocrx_word' id='word_1_299' title='bbox 758 2439 1068 2504; x_wconf 82' lang='grc' dir='ltr'><em>Ῥουστικὺς</em></span> <span class='ocrx_word' id='word_1_300' title='bbox 1108 2439 1184 2511; x_wconf 84' lang='grc' dir='ltr'><em>τῷ</em></span> <span class='ocrx_word' id='word_1_301' title='bbox 1224 2441 1423 2513; x_wconf 82' lang='grc' dir='ltr'><em>Ἰέρακι</em></span> <span class='ocrx_word' id='word_1_302' title='bbox 1471 2442 1647 2512; x_wconf 85' lang='grc' dir='ltr'><em>λέγει·</em></span> <span class='ocrx_word' id='word_1_303' title='bbox 1681 2447 1746 2498; x_wconf 84' lang='lat' dir='ltr'><strong>Ol</strong></span> <span class='ocrx_word' id='word_1_304' title='bbox 1772 2445 1874 2498; x_wconf 89' lang='grc' dir='ltr'><strong>σοὶ</strong></span> 
     </span>
    </p>
   </div>
   <div class='ocr_carea' id='block_1_42' title="bbox 288 2531 1871 2604">
    <p class='ocr_par' dir='ltr' id='par_1_42' title="bbox 288 2531 1871 2604">
     <span class='ocr_line' id='line_1_42' title="bbox 288 2531 1871 2604; baseline 0.004 -21"><span class='ocrx_word' id='word_1_305' title='bbox 288 2531 489 2599; x_wconf 84' lang='grc' dir='ltr'><em>γονεῖς</em></span> <span class='ocrx_word' id='word_1_306' title='bbox 515 2532 633 2585; x_wconf 87' lang='grc' dir='ltr'><strong>ποῦ</strong></span> <span class='ocrx_word' id='word_1_307' title='bbox 654 2532 816 2585; x_wconf 85' lang='grc' dir='ltr'><em>είσίν</em></span> <span class='ocrx_word' id='word_1_308' title='bbox 837 2548 856 2595; x_wconf 87' lang='grc'><strong><em>;</em></strong></span> <span class='ocrx_word' id='word_1_309' title='bbox 878 2533 906 2584; x_wconf 75' lang='grc' dir='ltr'>ὁ</span> <span class='ocrx_word' id='word_1_310' title='bbox 933 2531 991 2584; x_wconf 79' lang='grc' dir='ltr'><strong>δὲ</strong></span> <span class='ocrx_word' id='word_1_311' title='bbox 1034 2533 1367 2604; x_wconf 83' lang='grc' dir='ltr'><em>ἀπεκρίνατο</em></span> <span class='ocrx_word' id='word_1_312' title='bbox 1394 2534 1593 2602; x_wconf 78' lang='grc' dir='ltr'><em>λέγων’</em></span> <span class='ocrx_word' id='word_1_313' title='bbox 1631 2536 1693 2588; x_wconf 86' lang='lat' dir='ltr'><strong>&#39;U</strong></span> <span class='ocrx_word' id='word_1_314' title='bbox 1722 2536 1871 2603; x_wconf 86' lang='grc' dir='ltr'><strong>ἁλη-</strong></span> 
     </span>
    </p>
   </div>
   <div class='ocr_carea' id='block_1_43' title="bbox 289 2620 1871 2697">
    <p class='ocr_par' dir='ltr' id='par_1_43' title="bbox 289 2620 1871 2697">
     <span class='ocr_line' id='line_1_43' title="bbox 289 2620 1871 2697; baseline 0.004 -22"><span class='ocrx_word' id='word_1_315' title='bbox 289 2621 457 2687; x_wconf 83' lang='grc' dir='ltr'><em>θινὸς</em></span> <span class='ocrx_word' id='word_1_316' title='bbox 490 2620 661 2691; x_wconf 75' lang='grc' dir='ltr'><em>ἡμῶν</em></span> <span class='ocrx_word' id='word_1_317' title='bbox 696 2621 891 2691; x_wconf 79' lang='grc' dir='ltr'><em>πατήρ</em></span> <span class='ocrx_word' id='word_1_318' title='bbox 919 2623 1090 2677; x_wconf 88' lang='grc' dir='ltr'><em>ἐστιν</em></span> <span class='ocrx_word' id='word_1_319' title='bbox 1120 2627 1152 2678; x_wconf 85' lang='grc' dir='ltr'><strong><em>ό</em></strong></span> <span class='ocrx_word' id='word_1_320' title='bbox 1179 2624 1452 2692; x_wconf 80' lang='grc' dir='ltr'><em>Χριστὸς,</em></span> <span class='ocrx_word' id='word_1_321' title='bbox 1483 2624 1582 2679; x_wconf 82' lang='grc' dir='ltr'><strong>καὶ</strong></span> <span class='ocrx_word' id='word_1_322' title='bbox 1605 2624 1803 2695; x_wconf 79' lang='grc' dir='ltr'><em>μήτηρ</em></span> <span class='ocrx_word' id='word_1_323' title='bbox 1833 2629 1871 2697; x_wconf 76' lang='grc' dir='ltr'><strong><em>ἠ</em></strong></span> 
     </span>
    </p>
   </div>
   <div class='ocr_carea' id='block_1_44' title="bbox 288 2713 1874 2786">
    <p class='ocr_par' dir='ltr' id='par_1_44' title="bbox 288 2713 1874 2786">
     <span class='ocr_line' id='line_1_44' title="bbox 288 2713 1874 2786; baseline 0.005 -20"><span class='ocrx_word' id='word_1_324' title='bbox 288 2715 377 2779; x_wconf 86' lang='grc' dir='ltr'><strong>εὶς</strong></span> <span class='ocrx_word' id='word_1_325' title='bbox 405 2714 595 2767; x_wconf 80' lang='grc' dir='ltr'><em>αὐτὸν</em></span> <span class='ocrx_word' id='word_1_326' title='bbox 620 2713 821 2780; x_wconf 79' lang='grc' dir='ltr'><em>πίστις</em></span> <span class='ocrx_word' id='word_1_327' title='bbox 842 2728 860 2749; x_wconf 79' lang='grc' dir='ltr'><strong>ο</strong></span> <span class='ocrx_word' id='word_1_328' title='bbox 891 2716 946 2768; x_wconf 80' lang='grc' dir='ltr'><em>οἱ</em></span> <span class='ocrx_word' id='word_1_329' title='bbox 973 2714 1042 2768; x_wconf 79' lang='grc' dir='ltr'><em>δὲ</em></span> <span class='ocrx_word' id='word_1_330' title='bbox 1068 2716 1317 2784; x_wconf 79' lang='grc' dir='ltr'><em>ἐπίγειοι</em></span> <span class='ocrx_word' id='word_1_331' title='bbox 1358 2734 1478 2786; x_wconf 89' lang='grc' dir='ltr'><strong>μου</strong></span> <span class='ocrx_word' id='word_1_332' title='bbox 1535 2717 1732 2786; x_wconf 86' lang='grc' dir='ltr'><em>γονεῖς</em></span> <span class='ocrx_word' id='word_1_333' title='bbox 1759 2719 1874 2773; x_wconf 80' lang='grc' dir='ltr'><em>ἐτε-</em></span> 
     </span>
    </p>
   </div>
   <div class='ocr_carea' id='block_1_45' title="bbox 287 2804 1875 2879">
    <p class='ocr_par' dir='ltr' id='par_1_45' title="bbox 287 2804 1875 2879">
     <span class='ocr_line' id='line_1_45' title="bbox 287 2804 1875 2879; baseline 0.003 -21"><span class='ocrx_word' id='word_1_334' title='bbox 287 2806 618 2871; x_wconf 83' lang='grc' dir='ltr'><em>λεύτησαν.</em></span> <span class='ocrx_word' id='word_1_335' title='bbox 667 2805 777 2858; x_wconf 84' lang='grc' dir='ltr'><em>Καὶ</em></span> <span class='ocrx_word' id='word_1_336' title='bbox 808 2804 943 2874; x_wconf 83' lang='grc' dir='ltr'><em>ἐγὼ,</em></span> <span class='ocrx_word' id='word_1_337' title='bbox 994 2806 1111 2859; x_wconf 81' lang='grc' dir='ltr'><strong>ἀπὸ</strong></span> <span class='ocrx_word' id='word_1_338' title='bbox 1145 2807 1396 2861; x_wconf 84' lang='grc' dir='ltr'><em>Ἰκονίου</em></span> <span class='ocrx_word' id='word_1_339' title='bbox 1454 2805 1561 2875; x_wconf 86' lang='grc' dir='ltr'><em>τῆς</em></span> <span class='ocrx_word' id='word_1_340' title='bbox 1614 2811 1875 2879; x_wconf 83' lang='grc' dir='ltr'><em>Φρυγίας</em></span> 
     </span>
    </p>
   </div>
   <div class='ocr_carea' id='block_1_46' title="bbox 289 2896 1876 2973">
    <p class='ocr_par' dir='ltr' id='par_1_46' title="bbox 289 2896 1876 2973">
     <span class='ocr_line' id='line_1_46' title="bbox 289 2896 1876 2973; baseline 0.001 -22"><span class='ocrx_word' id='word_1_341' title='bbox 289 2897 729 2963; x_wconf 76' lang='grc' dir='ltr'><em>ἀποσπασθεὶς,</em></span> <span class='ocrx_word' id='word_1_342' title='bbox 759 2897 972 2952; x_wconf 81' lang='grc' dir='ltr'><em>ἐνθάδε</em></span> <span class='ocrx_word' id='word_1_343' title='bbox 1015 2896 1305 2965; x_wconf 79' lang='grc' dir='ltr'><em>ἐλήλυθα.</em></span> <span class='ocrx_word' id='word_1_344' title='bbox 1348 2899 1659 2964; x_wconf 78' lang='grc' dir='ltr'><em>Ῥουστικὸς</em></span> <span class='ocrx_word' id='word_1_345' title='bbox 1704 2901 1876 2973; x_wconf 74' lang='grc' dir='ltr'><em>ἔπαρ-</em></span> 
     </span>
    </p>
   </div>
   <div class='ocr_carea' id='block_1_47' title="bbox 291 2985 1876 3060">
    <p class='ocr_par' dir='ltr' id='par_1_47' title="bbox 291 2985 1876 3060">
     <span class='ocr_line' id='line_1_47' title="bbox 291 2985 1876 3060; baseline 0.002 -19"><span class='ocrx_word' id='word_1_346' title='bbox 291 3007 382 3059; x_wconf 87' lang='grc' dir='ltr'><strong>χος</strong></span> <span class='ocrx_word' id='word_1_347' title='bbox 412 2985 534 3041; x_wconf 80' lang='grc' dir='ltr'><em>εἷπε</em></span> <span class='ocrx_word' id='word_1_348' title='bbox 561 2987 886 3060; x_wconf 81' lang='grc' dir='ltr'><em>Λιϐεριανῷ·</em></span> <span class='ocrx_word' id='word_1_349' title='bbox 928 2989 989 3043; x_wconf 88' lang='grc' dir='ltr'><em>Τί</em></span> <span class='ocrx_word' id='word_1_350' title='bbox 1015 2988 1113 3042; x_wconf 85' lang='grc' dir='ltr'><strong>καὶ</strong></span> <span class='ocrx_word' id='word_1_351' title='bbox 1140 2988 1223 3042; x_wconf 90' lang='grc' dir='ltr'><em>σὺ</em></span> <span class='ocrx_word' id='word_1_352' title='bbox 1261 2987 1478 3057; x_wconf 87' lang='grc' dir='ltr'><em>λέγεις,</em></span> <span class='ocrx_word' id='word_1_353' title='bbox 1520 2991 1876 3058; x_wconf 82' lang='grc' dir='ltr'><em>Χριστιανὸς</em></span> 
     </span>
    </p>
   </div>
   <div class='ocr_carea' id='block_1_48' title="bbox 289 3076 1875 3152">
    <p class='ocr_par' dir='ltr' id='par_1_48' title="bbox 289 3076 1875 3152">
     <span class='ocr_line' id='line_1_48' title="bbox 289 3076 1875 3152; baseline 0.001 -19"><span class='ocrx_word' id='word_1_354' title='bbox 289 3078 377 3143; x_wconf 78' lang='lat' dir='ltr'><strong>el;</strong></span> <span class='ocrx_word' id='word_1_355' title='bbox 426 3080 571 3134; x_wconf 82' lang='grc' dir='ltr'><strong>οὐδὲ</strong></span> <span class='ocrx_word' id='word_1_356' title='bbox 626 3080 708 3135; x_wconf 81' lang='grc' dir='ltr'><em>σὺ</em></span> <span class='ocrx_word' id='word_1_357' title='bbox 759 3080 1070 3147; x_wconf 78' lang='grc' dir='ltr'><em>εὐσεϐεῖς;</em></span> <span class='ocrx_word' id='word_1_358' title='bbox 1129 3080 1447 3152; x_wconf 82' lang='grc' dir='ltr'><em>Λιϐεριανὸς</em></span> <span class='ocrx_word' id='word_1_359' title='bbox 1491 3076 1641 3133; x_wconf 82' lang='grc' dir='ltr'><em>εἷπε·</em></span> <span class='ocrx_word' id='word_1_360' title='bbox 1702 3082 1875 3151; x_wconf 79' lang='grc' dir='ltr'><strong>Κάγὼ</strong></span> 
     </span>
    </p>
   </div>
   <div class='ocr_carea' id='block_1_49' title="bbox 1974 1975 3569 2055">
    <p class='ocr_par' dir='ltr' id='par_1_49' title="bbox 1974 1975 3569 2055">
     <span class='ocr_line' id='line_1_49' title="bbox 1974 1975 3569 2055; baseline 0.007 -25"><span class='ocrx_word' id='word_1_361' title='bbox 1974 1975 2196 2045; x_wconf 82' lang='lat' dir='ltr'><strong>spondit</strong></span> <span class='ocrx_word' id='word_1_362' title='bbox 2222 1977 2314 2031; x_wconf 88' lang='lat' dir='ltr'><strong>ille</strong></span> <span class='ocrx_word' id='word_1_363' title='bbox 2351 1992 2365 2028; x_wconf 89' lang='lat'><strong>:</strong></span> <span class='ocrx_word' id='word_1_364' title='bbox 2401 1979 2441 2031; x_wconf 84' lang='lat' dir='ltr'><em>A</em></span> <span class='ocrx_word' id='word_1_365' title='bbox 2474 1979 2779 2047; x_wconf 83' lang='lat' dir='ltr'><strong>parentibus</strong></span> <span class='ocrx_word' id='word_1_366' title='bbox 2810 1982 3001 2036; x_wconf 86' lang='lat' dir='ltr'><strong>bonam</strong></span> <span class='ocrx_word' id='word_1_367' title='bbox 3032 1983 3168 2039; x_wconf 78' lang='lat' dir='ltr'><strong>hanc</strong></span> <span class='ocrx_word' id='word_1_368' title='bbox 3193 1986 3569 2055; x_wconf 73' lang='lat' dir='ltr'><strong>confessione»:</strong></span> 
     </span>
    </p>
   </div>
   <div class='ocr_carea' id='block_1_50' title="bbox 1973 2068 3573 2147">
    <p class='ocr_par' dir='ltr' id='par_1_50' title="bbox 1973 2068 3573 2147">
     <span class='ocr_line' id='line_1_50' title="bbox 1973 2068 3573 2147; baseline 0.007 -25"><span class='ocrx_word' id='word_1_369' title='bbox 1973 2071 2169 2136; x_wconf 87' lang='lat' dir='ltr'><strong>accepi.</strong></span> <span class='ocrx_word' id='word_1_370' title='bbox 2199 2068 2332 2125; x_wconf 91' lang='lat' dir='ltr'><strong>Post</strong></span> <span class='ocrx_word' id='word_1_371' title='bbox 2370 2070 2517 2126; x_wconf 89' lang='lat' dir='ltr'><strong>hunc</strong></span> <span class='ocrx_word' id='word_1_372' title='bbox 2548 2072 2858 2142; x_wconf 85' lang='lat' dir='ltr'><strong>Evelpistus</strong></span> <span class='ocrx_word' id='word_1_373' title='bbox 2891 2074 3032 2130; x_wconf 80' lang='lat' dir='ltr'><strong>dixit</strong></span> <span class='ocrx_word' id='word_1_374' title='bbox 3061 2090 3081 2127; x_wconf 91' lang='lat'><strong><em>:</em></strong></span> <span class='ocrx_word' id='word_1_375' title='bbox 3120 2077 3190 2129; x_wconf 78' lang='lat' dir='ltr'><strong>Et</strong></span> <span class='ocrx_word' id='word_1_376' title='bbox 3224 2094 3317 2147; x_wconf 90' lang='lat' dir='ltr'><strong>ego</strong></span> <span class='ocrx_word' id='word_1_377' title='bbox 3365 2077 3573 2133; x_wconf 84' lang='lat' dir='ltr'><strong>Justini</strong></span> 
     </span>
    </p>
   </div>
   <div class='ocr_carea' id='block_1_51' title="bbox 1973 2152 3625 2237">
    <p class='ocr_par' dir='ltr' id='par_1_51' title="bbox 1973 2152 3625 2237">
     <span class='ocr_line' id='line_1_51' title="bbox 1973 2152 3625 2237; baseline 0.005 -21"><span class='ocrx_word' id='word_1_378' title='bbox 1973 2164 2184 2233; x_wconf 84' lang='lat' dir='ltr'><strong>quidem</strong></span> <span class='ocrx_word' id='word_1_379' title='bbox 2225 2181 2491 2220; x_wconf 87' lang='lat' dir='ltr'><strong>sermones</strong></span> <span class='ocrx_word' id='word_1_380' title='bbox 2525 2166 2685 2236; x_wconf 81' lang='lat'><strong>587</strong></span> <span class='ocrx_word' id='word_1_381' title='bbox 2721 2183 2917 2237; x_wconf 88' lang='lat' dir='ltr'><strong>magna</strong></span> <span class='ocrx_word' id='word_1_382' title='bbox 2948 2184 3069 2221; x_wconf 88' lang='lat' dir='ltr'><strong>cum</strong></span> <span class='ocrx_word' id='word_1_383' title='bbox 3094 2168 3356 2237; x_wconf 80' lang='lat' dir='ltr'><strong>voluptate</strong></span> <span class='ocrx_word' id='word_1_384' title='bbox 3382 2172 3569 2225; x_wconf 85' lang='lat' dir='ltr'><strong>audie-</strong></span> <span class='ocrx_word' id='word_1_385' title='bbox 3622 2152 3625 2155; x_wconf 21' lang='grc' dir='ltr'><strong>Ι</strong></span> 
     </span>
    </p>
   </div>
   <div class='ocr_carea' id='block_1_52' title="bbox 1976 2255 3571 2327">
    <p class='ocr_par' dir='ltr' id='par_1_52' title="bbox 1976 2255 3571 2327">
     <span class='ocr_line' id='line_1_52' title="bbox 1976 2255 3571 2327; baseline 0.006 -19"><span class='ocrx_word' id='word_1_386' title='bbox 1976 2255 2126 2319; x_wconf 89' lang='lat' dir='ltr'><strong>bam;</strong></span> <span class='ocrx_word' id='word_1_387' title='bbox 2156 2256 2247 2310; x_wconf 87' lang='lat' dir='ltr'><strong>sed</strong></span> <span class='ocrx_word' id='word_1_388' title='bbox 2278 2274 2310 2309; x_wconf 93' lang='lat' dir='ltr'><strong>a</strong></span> <span class='ocrx_word' id='word_1_389' title='bbox 2338 2257 2645 2326; x_wconf 86' lang='lat' dir='ltr'><strong>parentibus</strong></span> <span class='ocrx_word' id='word_1_390' title='bbox 2674 2268 2849 2313; x_wconf 88' lang='lat' dir='ltr'><strong>tamen</strong></span> <span class='ocrx_word' id='word_1_391' title='bbox 2878 2268 2927 2312; x_wconf 93' lang='lat' dir='ltr'><strong>et</strong></span> <span class='ocrx_word' id='word_1_392' title='bbox 2960 2260 3069 2327; x_wconf 87' lang='lat' dir='ltr'><strong>ipse</strong></span> <span class='ocrx_word' id='word_1_393' title='bbox 3103 2260 3444 2316; x_wconf 87' lang='lat' dir='ltr'><strong>Christianus</strong></span> <span class='ocrx_word' id='word_1_394' title='bbox 3485 2279 3571 2316; x_wconf 90' lang='lat' dir='ltr'><strong>es-</strong></span> 
     </span>
    </p>
   </div>
   <div class='ocr_carea' id='block_1_53' title="bbox 1972 2345 3571 2420">
    <p class='ocr_par' dir='ltr' id='par_1_53' title="bbox 1972 2345 3571 2420">
     <span class='ocr_line' id='line_1_53' title="bbox 1972 2345 3571 2420; baseline 0.004 -20"><span class='ocrx_word' id='word_1_395' title='bbox 1972 2362 2029 2400; x_wconf 87' lang='lat' dir='ltr'><strong>se</strong></span> <span class='ocrx_word' id='word_1_396' title='bbox 2056 2345 2242 2401; x_wconf 84' lang='lat' dir='ltr'><strong>didici.</strong></span> <span class='ocrx_word' id='word_1_397' title='bbox 2271 2348 2425 2407; x_wconf 85' lang='lat' dir='ltr'><strong>Tunc</strong></span> <span class='ocrx_word' id='word_1_398' title='bbox 2452 2348 2745 2417; x_wconf 69' lang='lat' dir='ltr'><strong>praefectus</strong></span> <span class='ocrx_word' id='word_1_399' title='bbox 2781 2368 2794 2403; x_wconf 88' lang='lat'><strong>:</strong></span> <span class='ocrx_word' id='word_1_400' title='bbox 2824 2348 2892 2401; x_wconf 86' lang='lat' dir='ltr'><strong>Et</strong></span> <span class='ocrx_word' id='word_1_401' title='bbox 2926 2348 3148 2403; x_wconf 83' lang='lat' dir='ltr'><strong>ubinam</strong></span> <span class='ocrx_word' id='word_1_402' title='bbox 3196 2363 3438 2420; x_wconf 89' lang='lat' dir='ltr'><strong>parentes</strong></span> <span class='ocrx_word' id='word_1_403' title='bbox 3494 2356 3571 2406; x_wconf 87' lang='lat' dir='ltr'><strong>tui</strong></span> 
     </span>
    </p>
   </div>
   <div class='ocr_carea' id='block_1_54' title="bbox 1973 2437 3571 2513">
    <p class='ocr_par' dir='ltr' id='par_1_54' title="bbox 1973 2437 3571 2513">
     <span class='ocr_line' id='line_1_54' title="bbox 1973 2437 3571 2513; baseline 0.005 -22"><span class='ocrx_word' id='word_1_404' title='bbox 1973 2440 2144 2493; x_wconf 86' lang='lat' dir='ltr'><strong>sunt?</strong></span> <span class='ocrx_word' id='word_1_405' title='bbox 2170 2468 2241 2478; x_wconf 92' lang='lat'><strong><em>—</em></strong></span> <span class='ocrx_word' id='word_1_406' title='bbox 2262 2437 2329 2492; x_wconf 85' lang='lat' dir='ltr'><strong>In</strong></span> <span class='ocrx_word' id='word_1_407' title='bbox 2350 2437 2710 2509; x_wconf 85' lang='lat' dir='ltr'><strong>Cappadocia,</strong></span> <span class='ocrx_word' id='word_1_408' title='bbox 2744 2440 2924 2510; x_wconf 89' lang='lat' dir='ltr'><strong>inquit</strong></span> <span class='ocrx_word' id='word_1_409' title='bbox 2968 2437 3306 2513; x_wconf 83' lang='lat' dir='ltr'><strong>Evelpistus.</strong></span> <span class='ocrx_word' id='word_1_410' title='bbox 3360 2444 3571 2509; x_wconf 65' lang='lat' dir='ltr'><strong>Quaesi-</strong></span> 
     </span>
    </p>
   </div>
   <div class='ocr_carea' id='block_1_55' title="bbox 1974 2529 3545 2605">
    <p class='ocr_par' dir='ltr' id='par_1_55' title="bbox 1974 2529 3545 2605">
     <span class='ocr_line' id='line_1_55' title="bbox 1974 2529 3545 2605; baseline 0.004 -21"><span class='ocrx_word' id='word_1_411' title='bbox 1974 2530 2053 2584; x_wconf 85' lang='lat' dir='ltr'><strong>vit</strong></span> <span class='ocrx_word' id='word_1_412' title='bbox 2083 2529 2374 2599; x_wconf 62' lang='lat' dir='ltr'><strong>prasl‘ectus</strong></span> <span class='ocrx_word' id='word_1_413' title='bbox 2405 2542 2460 2588; x_wconf 89' lang='lat' dir='ltr'><strong>et</strong></span> <span class='ocrx_word' id='word_1_414' title='bbox 2496 2533 2565 2588; x_wconf 85' lang='lat' dir='ltr'><strong>ab</strong></span> <span class='ocrx_word' id='word_1_415' title='bbox 2594 2532 2846 2596; x_wconf 84' lang='lat' dir='ltr'><strong>Hierace,</strong></span> <span class='ocrx_word' id='word_1_416' title='bbox 2908 2534 3131 2589; x_wconf 84' lang='lat' dir='ltr'><strong>ubinam</strong></span> <span class='ocrx_word' id='word_1_417' title='bbox 3184 2536 3426 2605; x_wconf 78' lang='lat' dir='ltr'><strong>gentium</strong></span> <span class='ocrx_word' id='word_1_418' title='bbox 3484 2553 3545 2591; x_wconf 88' lang='lat' dir='ltr'><strong>es</strong></span> 
     </span>
    </p>
   </div>
   <div class='ocr_carea' id='block_1_56' title="bbox 1974 2621 3569 2694">
    <p class='ocr_par' dir='ltr' id='par_1_56' title="bbox 1974 2621 3569 2694">
     <span class='ocr_line' id='line_1_56' title="bbox 1974 2621 3569 2694; baseline 0.005 -18"><span class='ocrx_word' id='word_1_419' title='bbox 1974 2631 2099 2677; x_wconf 87' lang='lat' dir='ltr'><strong>sent</strong></span> <span class='ocrx_word' id='word_1_420' title='bbox 2148 2621 2270 2691; x_wconf 86' lang='lat' dir='ltr'><strong>ejus</strong></span> <span class='ocrx_word' id='word_1_421' title='bbox 2303 2633 2581 2693; x_wconf 88' lang='lat' dir='ltr'><strong>parentes.</strong></span> <span class='ocrx_word' id='word_1_422' title='bbox 2634 2624 2735 2679; x_wconf 83' lang='lat' dir='ltr'><strong>Cui</strong></span> <span class='ocrx_word' id='word_1_423' title='bbox 2794 2626 3079 2694; x_wconf 88' lang='lat' dir='ltr'><strong>respondit</strong></span> <span class='ocrx_word' id='word_1_424' title='bbox 3121 2625 3362 2683; x_wconf 78' lang='lat' dir='ltr'><strong>Hierax:</strong></span> <span class='ocrx_word' id='word_1_425' title='bbox 3400 2622 3569 2684; x_wconf 79' lang='lat' dir='ltr'><strong>Verus</strong></span> 
     </span>
    </p>
   </div>
   <div class='ocr_carea' id='block_1_57' title="bbox 1974 2713 3568 2790">
    <p class='ocr_par' dir='ltr' id='par_1_57' title="bbox 1974 2713 3568 2790">
     <span class='ocr_line' id='line_1_57' title="bbox 1974 2713 3568 2790; baseline 0.003 -23"><span class='ocrx_word' id='word_1_426' title='bbox 1974 2713 2141 2769; x_wconf 86' lang='lat' dir='ltr'><strong>Pater</strong></span> <span class='ocrx_word' id='word_1_427' title='bbox 2165 2724 2341 2770; x_wconf 87' lang='lat' dir='ltr'><strong>noster</strong></span> <span class='ocrx_word' id='word_1_428' title='bbox 2366 2716 2609 2770; x_wconf 86' lang='lat' dir='ltr'><strong>Christus</strong></span> <span class='ocrx_word' id='word_1_429' title='bbox 2638 2727 2739 2780; x_wconf 87' lang='lat' dir='ltr'><strong>est,</strong></span> <span class='ocrx_word' id='word_1_430' title='bbox 2770 2726 2821 2770; x_wconf 87' lang='lat' dir='ltr'><strong>et</strong></span> <span class='ocrx_word' id='word_1_431' title='bbox 2852 2728 3022 2771; x_wconf 89' lang='lat' dir='ltr'><strong>mater</strong></span> <span class='ocrx_word' id='word_1_432' title='bbox 3060 2719 3215 2786; x_wconf 79' lang='lat' dir='ltr'><strong>fides,</strong></span> <span class='ocrx_word' id='word_1_433' title='bbox 3255 2736 3361 2790; x_wconf 88' lang='lat' dir='ltr'><strong>qua</strong></span> <span class='ocrx_word' id='word_1_434' title='bbox 3398 2722 3451 2773; x_wconf 89' lang='lat' dir='ltr'><strong>in</strong></span> <span class='ocrx_word' id='word_1_435' title='bbox 3492 2723 3568 2790; x_wconf 85' lang='lat' dir='ltr'><strong>ip-</strong></span> 
     </span>
    </p>
   </div>
   <div class='ocr_carea' id='block_1_58' title="bbox 1974 2808 3569 2878">
    <p class='ocr_par' dir='ltr' id='par_1_58' title="bbox 1974 2808 3569 2878">
     <span class='ocr_line' id='line_1_58' title="bbox 1974 2808 3569 2878; baseline 0.006 -20"><span class='ocrx_word' id='word_1_436' title='bbox 1974 2822 2094 2859; x_wconf 90' lang='lat' dir='ltr'><strong>sum</strong></span> <span class='ocrx_word' id='word_1_437' title='bbox 2151 2808 2412 2862; x_wconf 88' lang='lat' dir='ltr'><strong>credimus</strong></span> <span class='ocrx_word' id='word_1_438' title='bbox 2459 2822 2478 2861; x_wconf 91' lang='lat'><strong><em>:</em></strong></span> <span class='ocrx_word' id='word_1_439' title='bbox 2532 2810 2726 2862; x_wconf 85' lang='lat' dir='ltr'><strong>terreni</strong></span> <span class='ocrx_word' id='word_1_440' title='bbox 2766 2825 2885 2863; x_wconf 82' lang='lat' dir='ltr'><strong>vero</strong></span> <span class='ocrx_word' id='word_1_441' title='bbox 2932 2819 3173 2878; x_wconf 86' lang='lat' dir='ltr'><strong>parentes</strong></span> <span class='ocrx_word' id='word_1_442' title='bbox 3230 2812 3331 2865; x_wconf 87' lang='lat' dir='ltr'><strong>mei</strong></span> <span class='ocrx_word' id='word_1_443' title='bbox 3375 2815 3569 2867; x_wconf 88' lang='lat' dir='ltr'><strong>mortui</strong></span> 
     </span>
    </p>
   </div>
   <div class='ocr_carea' id='block_1_59' title="bbox 1974 2897 3568 2971">
    <p class='ocr_par' dir='ltr' id='par_1_59' title="bbox 1974 2897 3568 2971">
     <span class='ocr_line' id='line_1_59' title="bbox 1974 2897 3568 2971; baseline 0.005 -21"><span class='ocrx_word' id='word_1_444' title='bbox 1974 2908 2119 2951; x_wconf 86' lang='lat' dir='ltr'><strong>sunt.</strong></span> <span class='ocrx_word' id='word_1_445' title='bbox 2144 2897 2406 2953; x_wconf 75' lang='lat' dir='ltr'><strong>therum</strong></span> <span class='ocrx_word' id='word_1_446' title='bbox 2436 2917 2528 2969; x_wconf 87' lang='lat' dir='ltr'><strong>ego</strong></span> <span class='ocrx_word' id='word_1_447' title='bbox 2556 2899 2620 2954; x_wconf 90' lang='lat' dir='ltr'><strong>ab</strong></span> <span class='ocrx_word' id='word_1_448' title='bbox 2646 2899 2829 2954; x_wconf 84' lang='lat' dir='ltr'><strong>Iconio</strong></span> <span class='ocrx_word' id='word_1_449' title='bbox 2861 2899 3110 2971; x_wconf 79' lang='lat' dir='ltr'><strong>Phrygia:</strong></span> <span class='ocrx_word' id='word_1_450' title='bbox 3135 2906 3437 2957; x_wconf 88' lang='lat' dir='ltr'><strong>abstractus</strong></span> <span class='ocrx_word' id='word_1_451' title='bbox 3470 2904 3568 2958; x_wconf 84' lang='lat' dir='ltr'><strong>huc</strong></span> 
     </span>
    </p>
   </div>
   <div class='ocr_carea' id='block_1_60' title="bbox 1975 2989 3565 3064">
    <p class='ocr_par' dir='ltr' id='par_1_60' title="bbox 1975 2989 3565 3064">
     <span class='ocr_line' id='line_1_60' title="bbox 1975 2989 3565 3064; baseline 0.004 -22"><span class='ocrx_word' id='word_1_452' title='bbox 1975 2990 2108 3044; x_wconf 81' lang='lat' dir='ltr'><strong>ueni.</strong></span> <span class='ocrx_word' id='word_1_453' title='bbox 2142 2989 2402 3056; x_wconf 65' lang='lat' dir='ltr'><strong>Quaesivit</strong></span> <span class='ocrx_word' id='word_1_454' title='bbox 2462 2991 2752 3060; x_wconf 66' lang='lat' dir='ltr'><strong>praefectus</strong></span> <span class='ocrx_word' id='word_1_455' title='bbox 2783 3006 2812 3045; x_wconf 87' lang='lat' dir='ltr'><strong>a</strong></span> <span class='ocrx_word' id='word_1_456' title='bbox 2844 2991 3170 3056; x_wconf 84' lang='lat' dir='ltr'><strong>Liberiano,</strong></span> <span class='ocrx_word' id='word_1_457' title='bbox 3223 2995 3484 3064; x_wconf 84' lang='lat' dir='ltr'><strong>quidnam</strong></span> <span class='ocrx_word' id='word_1_458' title='bbox 3512 3005 3565 3050; x_wconf 89' lang='lat' dir='ltr'><strong>et</strong></span> 
     </span>
    </p>
   </div>
   <div class='ocr_carea' id='block_1_61' title="bbox 1977 3083 3565 3157">
    <p class='ocr_par' dir='ltr' id='par_1_61' title="bbox 1977 3083 3565 3157">
     <span class='ocr_line' id='line_1_61' title="bbox 1977 3083 3565 3157; baseline 0.004 -21"><span class='ocrx_word' id='word_1_459' title='bbox 1977 3083 2096 3152; x_wconf 84' lang='lat' dir='ltr'><strong>ipse</strong></span> <span class='ocrx_word' id='word_1_460' title='bbox 2146 3083 2373 3148; x_wconf 85' lang='lat' dir='ltr'><strong>diceret,</strong></span> <span class='ocrx_word' id='word_1_461' title='bbox 2407 3099 2536 3137; x_wconf 92' lang='lat' dir='ltr'><strong>num</strong></span> <span class='ocrx_word' id='word_1_462' title='bbox 2596 3092 2651 3139; x_wconf 92' lang='lat' dir='ltr'><strong>et</strong></span> <span class='ocrx_word' id='word_1_463' title='bbox 2708 3084 3061 3141; x_wconf 83' lang='lat' dir='ltr'><strong>Christianus</strong></span> <span class='ocrx_word' id='word_1_464' title='bbox 3115 3095 3281 3153; x_wconf 88' lang='lat' dir='ltr'><strong>esset,</strong></span> <span class='ocrx_word' id='word_1_465' title='bbox 3313 3094 3475 3157; x_wconf 89' lang='lat' dir='ltr'><strong>atque</strong></span> <span class='ocrx_word' id='word_1_466' title='bbox 3513 3088 3565 3142; x_wconf 89' lang='lat' dir='ltr'><strong>in</strong></span> 
     </span>
    </p>
   </div>
   <div class='ocr_carea' id='block_1_62' title="bbox 288 3171 1878 3245">
    <p class='ocr_par' dir='ltr' id='par_1_62' title="bbox 288 3171 1876 3242">
     <span class='ocr_line' id='line_1_62' title="bbox 288 3171 1876 3242; baseline 0.001 -16"><span class='ocrx_word' id='word_1_467' title='bbox 288 3174 644 3241; x_wconf 82' lang='grc' dir='ltr'><em>Χριστιανός</em></span> <span class='ocrx_word' id='word_1_468' title='bbox 674 3174 819 3241; x_wconf 74' lang='grc' dir='ltr'><em>εὶμιο</em></span> <span class='ocrx_word' id='word_1_469' title='bbox 849 3171 1078 3226; x_wconf 79' lang='grc' dir='ltr'><em>εὺσεϐῶ</em></span> <span class='ocrx_word' id='word_1_470' title='bbox 1121 3172 1232 3242; x_wconf 82' lang='grc' dir='ltr'><strong>γὰρ</strong></span> <span class='ocrx_word' id='word_1_471' title='bbox 1264 3173 1361 3227; x_wconf 83' lang='grc' dir='ltr'><strong>καὶ</strong></span> <span class='ocrx_word' id='word_1_472' title='bbox 1406 3172 1727 3241; x_wconf 74' lang='grc' dir='ltr'><em>προσκυνῶ</em></span> <span class='ocrx_word' id='word_1_473' title='bbox 1770 3175 1876 3227; x_wconf 83' lang='grc' dir='ltr'><em>τὸν</em></span> 
     </span>
    </p>
   </div>
   <div class='ocr_carea' id='block_1_63' title="bbox 1987 3171 3568 3245">
    <p class='ocr_par' dir='ltr' id='par_1_63' title="bbox 1987 3174 3568 3245">
     <span class='ocr_line' id='line_1_63' title="bbox 1987 3174 3568 3245; baseline 0.004 -17"><span class='ocrx_word' id='word_1_474' title='bbox 1987 3174 2115 3228; x_wconf 87' lang='lat' dir='ltr'><strong>deos</strong></span> <span class='ocrx_word' id='word_1_475' title='bbox 2140 3174 2359 3244; x_wconf 86' lang='lat' dir='ltr'><strong>impius.</strong></span> <span class='ocrx_word' id='word_1_476' title='bbox 2409 3174 2476 3228; x_wconf 87' lang='lat' dir='ltr'><strong>Et</strong></span> <span class='ocrx_word' id='word_1_477' title='bbox 2505 3191 2618 3244; x_wconf 84' lang='lat' dir='ltr'><strong>ego,</strong></span> <span class='ocrx_word' id='word_1_478' title='bbox 2655 3176 2851 3245; x_wconf 89' lang='lat' dir='ltr'><strong>inquit,</strong></span> <span class='ocrx_word' id='word_1_479' title='bbox 2889 3175 3226 3232; x_wconf 75' lang='lat' dir='ltr'><strong>Christianus</strong></span> <span class='ocrx_word' id='word_1_480' title='bbox 3256 3196 3396 3236; x_wconf 86' lang='lat' dir='ltr'><strong>sunt.</strong></span> <span class='ocrx_word' id='word_1_481' title='bbox 3439 3177 3568 3235; x_wconf 82' lang='lat' dir='ltr'><strong>Culu</strong></span> 
     </span>
    </p>
   </div>
   <div class='ocr_carea' id='block_1_64' title="bbox 291 3264 995 3333">
    <p class='ocr_par' dir='ltr' id='par_1_64' title="bbox 291 3264 995 3333">
     <span class='ocr_line' id='line_1_64' title="bbox 291 3264 995 3333; baseline 0.003 -16"><span class='ocrx_word' id='word_1_482' title='bbox 291 3266 480 3333; x_wconf 85' lang='grc' dir='ltr'><em>μόνον</em></span> <span class='ocrx_word' id='word_1_483' title='bbox 505 3264 798 3331; x_wconf 84' lang='grc' dir='ltr'><em>ἀληθινὸν</em></span> <span class='ocrx_word' id='word_1_484' title='bbox 827 3265 995 3321; x_wconf 90' lang='grc' dir='ltr'><em>Θεόν.</em></span> 
     </span>
    </p>
   </div>
   <div class='ocr_carea' id='block_1_65' title="bbox 362 3354 1873 3428">
    <p class='ocr_par' dir='ltr' id='par_1_65' title="bbox 362 3354 1873 3428">
     <span class='ocr_line' id='line_1_65' title="bbox 362 3354 1873 3428; baseline 0.002 -18"><span class='ocrx_word' id='word_1_485' title='bbox 362 3354 455 3411; x_wconf 73' lang='grc' dir='ltr'><em>ιν.</em></span> <span class='ocrx_word' id='word_1_486' title='bbox 483 3357 540 3409; x_wconf 83' lang='grc' dir='ltr'>Ὀ</span> <span class='ocrx_word' id='word_1_487' title='bbox 570 3356 807 3427; x_wconf 75' lang='grc' dir='ltr'><em>ἔπαρχος</em></span> <span class='ocrx_word' id='word_1_488' title='bbox 830 3356 976 3425; x_wconf 80' lang='grc' dir='ltr'><em>λέγει</em></span> <span class='ocrx_word' id='word_1_489' title='bbox 996 3356 1131 3428; x_wconf 84' lang='grc' dir='ltr'><em>πρὸς</em></span> <span class='ocrx_word' id='word_1_490' title='bbox 1159 3358 1459 3411; x_wconf 83' lang='grc' dir='ltr'><strong>Ἰουστῖνον’</strong></span> <span class='ocrx_word' id='word_1_491' title='bbox 1488 3360 1692 3413; x_wconf 82' lang='grc' dir='ltr'><em>’Ἄκουε</em></span> <span class='ocrx_word' id='word_1_492' title='bbox 1720 3362 1752 3413; x_wconf 84' lang='grc' dir='ltr'><em>ὀ</em></span> <span class='ocrx_word' id='word_1_493' title='bbox 1778 3363 1873 3413; x_wconf 85' lang='grc' dir='ltr'><em>λε-</em></span> 
     </span>
    </p>
   </div>
   <div class='ocr_carea' id='block_1_66' title="bbox 292 3447 1883 3519">
    <p class='ocr_par' dir='ltr' id='par_1_66' title="bbox 292 3447 1883 3519">
     <span class='ocr_line' id='line_1_66' title="bbox 292 3447 1883 3519; baseline 0.003 -19"><span class='ocrx_word' id='word_1_494' title='bbox 292 3448 544 3519; x_wconf 79' lang='grc' dir='ltr'><em>γόμενος</em></span> <span class='ocrx_word' id='word_1_495' title='bbox 568 3448 771 3517; x_wconf 77' lang='grc' dir='ltr'><em>λόγιος</em></span> <span class='ocrx_word' id='word_1_496' title='bbox 798 3447 898 3501; x_wconf 82' lang='grc' dir='ltr'><strong>καὶ</strong></span> <span class='ocrx_word' id='word_1_497' title='bbox 924 3447 1173 3517; x_wconf 79' lang='grc' dir='ltr'><em>νομίζων</em></span> <span class='ocrx_word' id='word_1_498' title='bbox 1192 3449 1519 3516; x_wconf 84' lang='grc' dir='ltr'><em>ἀληθινοὺς</em></span> <span class='ocrx_word' id='word_1_499' title='bbox 1542 3448 1761 3503; x_wconf 82' lang='grc' dir='ltr'><em>ειδέναι</em></span> <span class='ocrx_word' id='word_1_500' title='bbox 1781 3452 1883 3504; x_wconf 72' lang='grc' dir='ltr'><strong>λόο</strong></span> 
     </span>
    </p>
   </div>
   <div class='ocr_carea' id='block_1_67' title="bbox 291 3538 1881 3609">
    <p class='ocr_par' dir='ltr' id='par_1_67' title="bbox 291 3538 1881 3609">
     <span class='ocr_line' id='line_1_67' title="bbox 291 3538 1881 3609; baseline 0 -17"><span class='ocrx_word' id='word_1_501' title='bbox 291 3556 437 3607; x_wconf 89' lang='grc' dir='ltr'><em>γους</em></span> <span class='ocrx_word' id='word_1_502' title='bbox 455 3556 469 3569; x_wconf 87' lang='grc'>·</span> <span class='ocrx_word' id='word_1_503' title='bbox 513 3538 622 3592; x_wconf 83' lang='grc' dir='ltr'><strong>ἐὰν</strong></span> <span class='ocrx_word' id='word_1_504' title='bbox 643 3538 1035 3608; x_wconf 83' lang='grc' dir='ltr'><em>μαστιγωθεὶς</em></span> <span class='ocrx_word' id='word_1_505' title='bbox 1064 3538 1558 3607; x_wconf 62' lang='grc' dir='ltr'><em>ἁποκεφαλισθῇς</em></span> <span class='ocrx_word' id='word_1_506' title='bbox 1586 3539 1719 3609; x_wconf 92' lang='lat'>(77),</span> <span class='ocrx_word' id='word_1_507' title='bbox 1775 3539 1881 3593; x_wconf 87' lang='grc' dir='ltr'><em>πέ-</em></span> 
     </span>
    </p>
   </div>
   <div class='ocr_carea' id='block_1_68' title="bbox 293 3628 1880 3699">
    <p class='ocr_par' dir='ltr' id='par_1_68' title="bbox 293 3628 1880 3699">
     <span class='ocr_line' id='line_1_68' title="bbox 293 3628 1880 3699; baseline 0.001 -16"><span class='ocrx_word' id='word_1_508' title='bbox 293 3646 499 3683; x_wconf 79' lang='grc' dir='ltr'><em>πεισαι</em></span> <span class='ocrx_word' id='word_1_509' title='bbox 539 3629 626 3682; x_wconf 87' lang='grc' dir='ltr'><em>ὅτι</em></span> <span class='ocrx_word' id='word_1_510' title='bbox 659 3628 905 3698; x_wconf 79' lang='grc' dir='ltr'><em>μέλλεις</em></span> <span class='ocrx_word' id='word_1_511' title='bbox 949 3630 1294 3684; x_wconf 80' lang='grc' dir='ltr'><em>ἀναϐαίνειν</em></span> <span class='ocrx_word' id='word_1_512' title='bbox 1321 3632 1408 3696; x_wconf 90' lang='grc' dir='ltr'><strong>εὶς</strong></span> <span class='ocrx_word' id='word_1_513' title='bbox 1436 3631 1541 3684; x_wconf 81' lang='grc' dir='ltr'><strong>τὸν</strong></span> <span class='ocrx_word' id='word_1_514' title='bbox 1580 3632 1880 3699; x_wconf 83' lang='grc' dir='ltr'><em>οὐρανόν;</em></span> 
     </span>
    </p>
   </div>
   <div class='ocr_carea' id='block_1_69' title="bbox 304 3718 1882 3795">
    <p class='ocr_par' dir='ltr' id='par_1_69' title="bbox 304 3718 1882 3795">
     <span class='ocr_line' id='line_1_69' title="bbox 304 3718 1882 3795; baseline 0.003 -22"><span class='ocrx_word' id='word_1_515' title='bbox 304 3722 587 3784; x_wconf 83' lang='grc' dir='ltr'><em>ἰουστῖνος</em></span> <span class='ocrx_word' id='word_1_516' title='bbox 632 3718 784 3775; x_wconf 77' lang='grc' dir='ltr'><em>εἶπεν</em></span> <span class='ocrx_word' id='word_1_517' title='bbox 807 3739 819 3751; x_wconf 95' lang='grc'><strong>·</strong></span> <span class='ocrx_word' id='word_1_518' title='bbox 858 3721 1105 3783; x_wconf 83' lang='grc' dir='ltr'><em>Ἐλπίζω</em></span> <span class='ocrx_word' id='word_1_519' title='bbox 1158 3722 1321 3786; x_wconf 79' lang='grc' dir='ltr'><em>ἕξειν</em></span> <span class='ocrx_word' id='word_1_520' title='bbox 1348 3723 1535 3777; x_wconf 85' lang='grc' dir='ltr'><em>αὐτοῦ</em></span> <span class='ocrx_word' id='word_1_521' title='bbox 1564 3724 1635 3779; x_wconf 81' lang='grc' dir='ltr'><em>τὰ</em></span> <span class='ocrx_word' id='word_1_522' title='bbox 1664 3724 1882 3795; x_wconf 81' lang='grc' dir='ltr'><em>δόγμα-</em></span> 
     </span>
    </p>
   </div>
   <div class='ocr_carea' id='block_1_70' title="bbox 292 3812 1881 3885">
    <p class='ocr_par' dir='ltr' id='par_1_70' title="bbox 292 3812 1881 3885">
     <span class='ocr_line' id='line_1_70' title="bbox 292 3812 1881 3885; baseline 0.003 -20"><span class='ocrx_word' id='word_1_523' title='bbox 292 3830 365 3866; x_wconf 89' lang='grc' dir='ltr'><strong>τα</strong></span> <span class='ocrx_word' id='word_1_524' title='bbox 394 3813 530 3884; x_wconf 85' lang='grc'><strong>(78),</strong></span> <span class='ocrx_word' id='word_1_525' title='bbox 560 3812 669 3867; x_wconf 79' lang='grc' dir='ltr'><strong>ἐὰν</strong></span> <span class='ocrx_word' id='word_1_526' title='bbox 693 3814 993 3883; x_wconf 87' lang='grc' dir='ltr'><em>ὐπομείνω</em></span> <span class='ocrx_word' id='word_1_527' title='bbox 1024 3815 1229 3869; x_wconf 86' lang='grc' dir='ltr'><em>ταῦτα.</em></span> <span class='ocrx_word' id='word_1_528' title='bbox 1266 3812 1409 3869; x_wconf 80' lang='grc' dir='ltr'><strong>Οἶδα</strong></span> <span class='ocrx_word' id='word_1_529' title='bbox 1444 3817 1554 3885; x_wconf 85' lang='grc' dir='ltr'><em>γὰρ</em></span> <span class='ocrx_word' id='word_1_530' title='bbox 1581 3815 1730 3871; x_wconf 85' lang='grc' dir='ltr'><em>πᾶσι</em></span> <span class='ocrx_word' id='word_1_531' title='bbox 1758 3817 1881 3883; x_wconf 88' lang='grc' dir='ltr'><em>τοῖς</em></span> 
     </span>
    </p>
   </div>
   <div class='ocr_carea' id='block_1_71' title="bbox 293 3906 1879 3979">
    <p class='ocr_par' dir='ltr' id='par_1_71' title="bbox 293 3906 1879 3979">
     <span class='ocr_line' id='line_1_71' title="bbox 293 3906 1879 3979; baseline 0.004 -21"><span class='ocrx_word' id='word_1_532' title='bbox 293 3906 444 3959; x_wconf 83' lang='grc' dir='ltr'><em>οὕτω</em></span> <span class='ocrx_word' id='word_1_533' title='bbox 494 3906 762 3971; x_wconf 80' lang='grc' dir='ltr'><em>βιώσασι</em></span> <span class='ocrx_word' id='word_1_534' title='bbox 790 3907 1155 3977; x_wconf 82' lang='grc' dir='ltr'><em>παραμένειν</em></span> <span class='ocrx_word' id='word_1_535' title='bbox 1184 3908 1247 3962; x_wconf 84' lang='grc' dir='ltr'><em>τὸ</em></span> <span class='ocrx_word' id='word_1_536' title='bbox 1280 3908 1441 3963; x_wconf 88' lang='grc' dir='ltr'><em>θεῖον</em></span> <span class='ocrx_word' id='word_1_537' title='bbox 1477 3908 1740 3979; x_wconf 82' lang='grc' dir='ltr'><em>χάρισμα</em></span> <span class='ocrx_word' id='word_1_538' title='bbox 1772 3911 1879 3979; x_wconf 82' lang='grc' dir='ltr'><em>μέ-</em></span> 
     </span>
    </p>
   </div>
   <div class='ocr_carea' id='block_1_72' title="bbox 293 3996 1879 4069">
    <p class='ocr_par' dir='ltr' id='par_1_72' title="bbox 293 3996 1879 4069">
     <span class='ocr_line' id='line_1_72' title="bbox 293 3996 1879 4069; baseline 0.003 -20"><span class='ocrx_word' id='word_1_539' title='bbox 293 4014 391 4066; x_wconf 87' lang='grc' dir='ltr'><strong>χρι</strong></span> <span class='ocrx_word' id='word_1_540' title='bbox 432 3996 543 4065; x_wconf 81' lang='grc' dir='ltr'><em>τῆς</em></span> <span class='ocrx_word' id='word_1_541' title='bbox 585 3998 1019 4066; x_wconf 82' lang='grc' dir='ltr'><em>ὲκπληρώσεως</em></span> <span class='ocrx_word' id='word_1_542' title='bbox 1056 3999 1163 4053; x_wconf 90' lang='grc' dir='ltr'><strong>τοῦ</strong></span> <span class='ocrx_word' id='word_1_543' title='bbox 1205 4000 1429 4066; x_wconf 86' lang='grc' dir='ltr'><em>παντὸς</em></span> <span class='ocrx_word' id='word_1_544' title='bbox 1457 4002 1707 4069; x_wconf 81' lang='grc' dir='ltr'><em>κόσμου.</em></span> <span class='ocrx_word' id='word_1_545' title='bbox 1727 4003 1879 4054; x_wconf 84' lang='grc' dir='ltr'><em>Ῥου-</em></span> 
     </span>
    </p>
   </div>
   <div class='ocr_carea' id='block_1_73' title="bbox 295 4087 1881 4161">
    <p class='ocr_par' dir='ltr' id='par_1_73' title="bbox 295 4087 1881 4161">
     <span class='ocr_line' id='line_1_73' title="bbox 295 4087 1881 4161; baseline 0.003 -19"><span class='ocrx_word' id='word_1_546' title='bbox 295 4089 479 4152; x_wconf 80' lang='grc' dir='ltr'><em>στιχὸς</em></span> <span class='ocrx_word' id='word_1_547' title='bbox 512 4089 749 4161; x_wconf 72' lang='grc' dir='ltr'><em>ἔπαρχος</em></span> <span class='ocrx_word' id='word_1_548' title='bbox 778 4087 896 4143; x_wconf 81' lang='grc' dir='ltr'><em>εἷπε</em></span> <span class='ocrx_word' id='word_1_549' title='bbox 918 4109 931 4121; x_wconf 94' lang='grc'><strong>·</strong></span> <span class='ocrx_word' id='word_1_550' title='bbox 965 4091 1049 4144; x_wconf 84' lang='grc' dir='ltr'><strong>Σὺ</strong></span> <span class='ocrx_word' id='word_1_551' title='bbox 1077 4091 1189 4144; x_wconf 77' lang='grc' dir='ltr'><em>οὖν</em></span> <span class='ocrx_word' id='word_1_552' title='bbox 1218 4092 1495 4157; x_wconf 84' lang='grc' dir='ltr'><em>ὑπονοεῖς</em></span> <span class='ocrx_word' id='word_1_553' title='bbox 1540 4094 1630 4149; x_wconf 83' lang='grc' dir='ltr'><em>ὅτι</em></span> <span class='ocrx_word' id='word_1_554' title='bbox 1661 4092 1881 4160; x_wconf 75' lang='grc' dir='ltr'><em>ἀναϐή-</em></span> 
     </span>
    </p>
   </div>
   <div class='ocr_carea' id='block_1_74' title="bbox 294 4182 1881 4255">
    <p class='ocr_par' dir='ltr' id='par_1_74' title="bbox 294 4182 1881 4255">
     <span class='ocr_line' id='line_1_74' title="bbox 294 4182 1881 4255; baseline 0.004 -21"><span class='ocrx_word' id='word_1_555' title='bbox 294 4198 378 4253; x_wconf 81' lang='grc' dir='ltr'><em>σῃ</em></span> <span class='ocrx_word' id='word_1_556' title='bbox 406 4185 493 4248; x_wconf 86' lang='grc' dir='ltr'><strong>εὶς</strong></span> <span class='ocrx_word' id='word_1_557' title='bbox 528 4182 668 4248; x_wconf 88' lang='grc' dir='ltr'><em>τοὺς</em></span> <span class='ocrx_word' id='word_1_558' title='bbox 695 4184 988 4253; x_wconf 83' lang='grc' dir='ltr'><em>οὐρανοὺς</em></span> <span class='ocrx_word' id='word_1_559' title='bbox 1021 4184 1267 4253; x_wconf 78' lang='grc' dir='ltr'><em>ἀμοιϐάς</em></span> <span class='ocrx_word' id='word_1_560' title='bbox 1293 4199 1461 4251; x_wconf 86' lang='grc' dir='ltr'><em>τινας</em></span> <span class='ocrx_word' id='word_1_561' title='bbox 1496 4185 1881 4255; x_wconf 71' lang='grc' dir='ltr'><em>ἀποληψόμε-</em></span> 
     </span>
    </p>
   </div>
   <div class='ocr_carea' id='block_1_75' title="bbox 294 4264 1881 4345">
    <p class='ocr_par' dir='ltr' id='par_1_75' title="bbox 294 4264 1881 4345">
     <span class='ocr_line' id='line_1_75' title="bbox 294 4264 1881 4345; baseline 0.003 -18"><span class='ocrx_word' id='word_1_562' title='bbox 294 4291 434 4341; x_wconf 88' lang='grc' dir='ltr'><em>νος;</em></span> <span class='ocrx_word' id='word_1_563' title='bbox 476 4276 755 4340; x_wconf 81' lang='grc' dir='ltr'><em>Ἰουστῖνος</em></span> <span class='ocrx_word' id='word_1_564' title='bbox 802 4273 986 4329; x_wconf 74' lang='grc' dir='ltr'><em>εἶπενο</em></span> <span class='ocrx_word' id='word_1_565' title='bbox 1024 4277 1146 4345; x_wconf 82' lang='grc' dir='ltr'><strong>Οὐχ</strong></span> <span class='ocrx_word' id='word_1_566' title='bbox 1192 4275 1450 4339; x_wconf 80' lang='grc' dir='ltr'><em>ὑπονοῶ,</em></span> <span class='ocrx_word' id='word_1_567' title='bbox 1479 4264 1881 4331; x_wconf 76' lang='grc' dir='ltr'><em>ἀλλ’ἐπῖστα-</em></span> 
     </span>
    </p>
   </div>
   <div class='ocr_carea' id='block_1_76' title="bbox 289 4365 1876 4439">
    <p class='ocr_par' dir='ltr' id='par_1_76' title="bbox 289 4365 1876 4439">
     <span class='ocr_line' id='line_1_76' title="bbox 289 4365 1876 4439; baseline 0.002 -21"><span class='ocrx_word' id='word_1_568' title='bbox 289 4384 395 4437; x_wconf 82' lang='grc' dir='ltr'><strong>μαι</strong></span> <span class='ocrx_word' id='word_1_569' title='bbox 426 4367 529 4419; x_wconf 79' lang='grc' dir='ltr'><strong>καὶ</strong></span> <span class='ocrx_word' id='word_1_570' title='bbox 552 4369 1101 4436; x_wconf 69' lang='grc' dir='ltr'><em>πεπληροφορημαι.</em></span> <span class='ocrx_word' id='word_1_571' title='bbox 1121 4368 1430 4431; x_wconf 75' lang='grc' dir='ltr'><em>Ῥουστικὸς</em></span> <span class='ocrx_word' id='word_1_572' title='bbox 1450 4368 1686 4439; x_wconf 78' lang='grc' dir='ltr'><em>ἔπαρχος</em></span> <span class='ocrx_word' id='word_1_573' title='bbox 1702 4365 1876 4421; x_wconf 76' lang='grc' dir='ltr'><em>εἶπενο</em></span> 
     </span>
    </p>
   </div>
   <div class='ocr_carea' id='block_1_77' title="bbox 301 4458 1879 4529">
    <p class='ocr_par' dir='ltr' id='par_1_77' title="bbox 301 4458 1879 4529">
     <span class='ocr_line' id='line_1_77' title="bbox 301 4458 1879 4529; baseline 0.001 -18"><span class='ocrx_word' id='word_1_574' title='bbox 301 4460 368 4511; x_wconf 83' lang='grc' dir='ltr'><em>Τὸ</em></span> <span class='ocrx_word' id='word_1_575' title='bbox 398 4458 617 4512; x_wconf 84' lang='grc' dir='ltr'><em>λοιπὸν</em></span> <span class='ocrx_word' id='word_1_576' title='bbox 641 4459 907 4529; x_wconf 78' lang='grc' dir='ltr'><em>ἔλθωμεν</em></span> <span class='ocrx_word' id='word_1_577' title='bbox 935 4462 1021 4525; x_wconf 83' lang='grc' dir='ltr'><strong>είς</strong></span> <span class='ocrx_word' id='word_1_578' title='bbox 1048 4459 1114 4511; x_wconf 81' lang='grc' dir='ltr'><em>τὸ</em></span> <span class='ocrx_word' id='word_1_579' title='bbox 1148 4460 1541 4528; x_wconf 82' lang='grc' dir='ltr'><em>προκείμενον</em></span> <span class='ocrx_word' id='word_1_580' title='bbox 1578 4460 1675 4513; x_wconf 83' lang='grc' dir='ltr'><strong>καὶ</strong></span> <span class='ocrx_word' id='word_1_581' title='bbox 1711 4477 1879 4514; x_wconf 85' lang='grc' dir='ltr'><em>κατε-</em></span> 
     </span>
    </p>
   </div>
   <div class='ocr_carea' id='block_1_78' title="bbox 1979 3265 3000 3322">
    <p class='ocr_par' dir='ltr' id='par_1_78' title="bbox 1979 3265 3000 3322">
     <span class='ocr_line' id='line_1_78' title="bbox 1979 3265 3000 3322; baseline 0.005 -5"><span class='ocrx_word' id='word_1_582' title='bbox 1979 3266 2118 3317; x_wconf 86' lang='lat' dir='ltr'><strong>enim</strong></span> <span class='ocrx_word' id='word_1_583' title='bbox 2141 3274 2191 3318; x_wconf 89' lang='lat' dir='ltr'><strong>et</strong></span> <span class='ocrx_word' id='word_1_584' title='bbox 2221 3265 2385 3319; x_wconf 88' lang='lat' dir='ltr'><strong>adoro</strong></span> <span class='ocrx_word' id='word_1_585' title='bbox 2410 3267 2581 3319; x_wconf 83' lang='lat' dir='ltr'><strong>solum</strong></span> <span class='ocrx_word' id='word_1_586' title='bbox 2612 3266 2777 3320; x_wconf 86' lang='lat' dir='ltr'><strong>Deum</strong></span> <span class='ocrx_word' id='word_1_587' title='bbox 2801 3284 3000 3322; x_wconf 88' lang='lat' dir='ltr'><strong>verum.</strong></span> 
     </span>
    </p>
   </div>
   <div class='ocr_carea' id='block_1_79' title="bbox 2056 3354 3563 3426">
    <p class='ocr_par' dir='ltr' id='par_1_79' title="bbox 2056 3354 3563 3426">
     <span class='ocr_line' id='line_1_79' title="bbox 2056 3354 3563 3426; baseline 0.001 -19"><span class='ocrx_word' id='word_1_588' title='bbox 2056 3354 2150 3411; x_wconf 78' lang='grc' dir='ltr'><em>ιν.</em></span> <span class='ocrx_word' id='word_1_589' title='bbox 2170 3354 2325 3410; x_wconf 88' lang='lat' dir='ltr'><strong>Tunc</strong></span> <span class='ocrx_word' id='word_1_590' title='bbox 2358 3359 2645 3426; x_wconf 60' lang='lat' dir='ltr'><strong>praefectus</strong></span> <span class='ocrx_word' id='word_1_591' title='bbox 2664 3372 2967 3412; x_wconf 86' lang='lat' dir='ltr'><strong>conversus</strong></span> <span class='ocrx_word' id='word_1_592' title='bbox 2985 3357 3050 3411; x_wconf 86' lang='lat' dir='ltr'><strong>ad</strong></span> <span class='ocrx_word' id='word_1_593' title='bbox 3067 3355 3368 3420; x_wconf 85' lang='lat' dir='ltr'><strong>Justinum,</strong></span> <span class='ocrx_word' id='word_1_594' title='bbox 3390 3356 3530 3410; x_wconf 79' lang='lat' dir='ltr'><strong>dixit</strong></span> <span class='ocrx_word' id='word_1_595' title='bbox 3550 3374 3563 3409; x_wconf 83' lang='lat'>;</span> 
     </span>
    </p>
   </div>
   <div class='ocr_carea' id='block_1_80' title="bbox 1980 3446 3563 3518">
    <p class='ocr_par' dir='ltr' id='par_1_80' title="bbox 1980 3446 3563 3518">
     <span class='ocr_line' id='line_1_80' title="bbox 1980 3446 3563 3518; baseline 0 -19"><span class='ocrx_word' id='word_1_596' title='bbox 1980 3446 2124 3500; x_wconf 76' lang='lat' dir='ltr'><strong>Audi</strong></span> <span class='ocrx_word' id='word_1_597' title='bbox 2159 3457 2237 3513; x_wconf 89' lang='lat' dir='ltr'><strong>tu,</strong></span> <span class='ocrx_word' id='word_1_598' title='bbox 2261 3448 2350 3517; x_wconf 92' lang='lat' dir='ltr'><strong>qui</strong></span> <span class='ocrx_word' id='word_1_599' title='bbox 2387 3448 2629 3518; x_wconf 81' lang='lat' dir='ltr'><strong>eloquens</strong></span> <span class='ocrx_word' id='word_1_600' title='bbox 2654 3465 2766 3503; x_wconf 84' lang='lat' dir='ltr'><strong>esse</strong></span> <span class='ocrx_word' id='word_1_601' title='bbox 2792 3448 3007 3511; x_wconf 88' lang='lat' dir='ltr'><strong>diceris,</strong></span> <span class='ocrx_word' id='word_1_602' title='bbox 3040 3458 3087 3501; x_wconf 90' lang='lat' dir='ltr'><strong>et</strong></span> <span class='ocrx_word' id='word_1_603' title='bbox 3118 3457 3274 3515; x_wconf 85' lang='lat' dir='ltr'><strong>putas</strong></span> <span class='ocrx_word' id='word_1_604' title='bbox 3307 3457 3355 3501; x_wconf 89' lang='lat' dir='ltr'><strong>te</strong></span> <span class='ocrx_word' id='word_1_605' title='bbox 3392 3464 3563 3501; x_wconf 85' lang='lat' dir='ltr'><strong>veram</strong></span> 
     </span>
    </p>
   </div>
   <div class='ocr_carea' id='block_1_81' title="bbox 1980 3538 3564 3609">
    <p class='ocr_par' dir='ltr' id='par_1_81' title="bbox 1980 3538 3564 3609">
     <span class='ocr_line' id='line_1_81' title="bbox 1980 3538 3564 3609; baseline 0 -18"><span class='ocrx_word' id='word_1_606' title='bbox 1980 3538 2320 3607; x_wconf 74' lang='lat' dir='ltr'><strong>disciplinam</strong></span> <span class='ocrx_word' id='word_1_607' title='bbox 2344 3549 2514 3593; x_wconf 88' lang='lat' dir='ltr'><strong>tenere</strong></span> <span class='ocrx_word' id='word_1_608' title='bbox 2539 3556 2557 3593; x_wconf 88' lang='lat'><strong><em>:</em></strong></span> <span class='ocrx_word' id='word_1_609' title='bbox 2586 3540 2632 3594; x_wconf 85' lang='lat' dir='ltr'><strong>si</strong></span> <span class='ocrx_word' id='word_1_610' title='bbox 2658 3558 2691 3592; x_wconf 91' lang='lat' dir='ltr'><strong>a</strong></span> <span class='ocrx_word' id='word_1_611' title='bbox 2720 3545 2891 3609; x_wconf 84' lang='lat' dir='ltr'><strong>capite</strong></span> <span class='ocrx_word' id='word_1_612' title='bbox 2918 3554 3009 3607; x_wconf 89' lang='lat' dir='ltr'><strong>per</strong></span> <span class='ocrx_word' id='word_1_613' title='bbox 3038 3549 3207 3593; x_wconf 89' lang='lat' dir='ltr'><strong>totum</strong></span> <span class='ocrx_word' id='word_1_614' title='bbox 3231 3556 3419 3607; x_wconf 88' lang='lat' dir='ltr'><strong>corpus</strong></span> <span class='ocrx_word' id='word_1_615' title='bbox 3458 3539 3564 3606; x_wconf 76' lang='lat' dir='ltr'><strong>[la-</strong></span> 
     </span>
    </p>
   </div>
   <div class='ocr_carea' id='block_1_82' title="bbox 1979 3631 3567 3701">
    <p class='ocr_par' dir='ltr' id='par_1_82' title="bbox 1979 3631 3567 3701">
     <span class='ocr_line' id='line_1_82' title="bbox 1979 3631 3567 3701; baseline -0.001 -17"><span class='ocrx_word' id='word_1_616' title='bbox 1979 3631 2131 3700; x_wconf 87' lang='lat' dir='ltr'><strong>gellis</strong></span> <span class='ocrx_word' id='word_1_617' title='bbox 2171 3648 2339 3686; x_wconf 62' lang='lat' dir='ltr'><strong>carsus</strong></span> <span class='ocrx_word' id='word_1_618' title='bbox 2384 3632 2572 3701; x_wconf 79' lang='lat' dir='ltr'><strong>fueris,</strong></span> <span class='ocrx_word' id='word_1_619' title='bbox 2614 3647 2993 3700; x_wconf 83' lang='lat' dir='ltr'><strong>persuasumne</strong></span> <span class='ocrx_word' id='word_1_620' title='bbox 3032 3631 3212 3696; x_wconf 81' lang='lat' dir='ltr'><strong>habes,</strong></span> <span class='ocrx_word' id='word_1_621' title='bbox 3256 3631 3370 3701; x_wconf 80' lang='lat' dir='ltr'><strong>fore</strong></span> <span class='ocrx_word' id='word_1_622' title='bbox 3410 3641 3465 3683; x_wconf 91' lang='lat' dir='ltr'><strong>ut</strong></span> <span class='ocrx_word' id='word_1_623' title='bbox 3514 3632 3567 3683; x_wconf 90' lang='lat' dir='ltr'><strong>in</strong></span> 
     </span>
    </p>
   </div>
   <div class='ocr_carea' id='block_1_83' title="bbox 1982 3722 3568 3794">
    <p class='ocr_par' dir='ltr' id='par_1_83' title="bbox 1982 3722 3568 3794">
     <span class='ocr_line' id='line_1_83' title="bbox 1982 3722 3568 3794; baseline 0.001 -17"><span class='ocrx_word' id='word_1_624' title='bbox 1982 3726 2169 3777; x_wconf 68' lang='lat' dir='ltr'><strong>caelum</strong></span> <span class='ocrx_word' id='word_1_625' title='bbox 2220 3724 2512 3780; x_wconf 81' lang='lat' dir='ltr'><strong>ascendas?</strong></span> <span class='ocrx_word' id='word_1_626' title='bbox 2540 3724 2640 3780; x_wconf 88' lang='lat' dir='ltr'><strong>Cui</strong></span> <span class='ocrx_word' id='word_1_627' title='bbox 2672 3724 2925 3780; x_wconf 80' lang='lat' dir='ltr'><strong>Justinus</strong></span> <span class='ocrx_word' id='word_1_628' title='bbox 2958 3742 2969 3779; x_wconf 91' lang='lat'>:</span> <span class='ocrx_word' id='word_1_629' title='bbox 3002 3722 3187 3792; x_wconf 87' lang='lat' dir='ltr'><strong>Spero,</strong></span> <span class='ocrx_word' id='word_1_630' title='bbox 3235 3724 3433 3794; x_wconf 89' lang='lat' dir='ltr'><strong>inquit,</strong></span> <span class='ocrx_word' id='word_1_631' title='bbox 3486 3742 3568 3779; x_wconf 86' lang='lat' dir='ltr'><strong>me</strong></span> 
     </span>
    </p>
   </div>
   <div class='ocr_carea' id='block_1_84' title="bbox 1980 3814 3568 3887">
    <p class='ocr_par' dir='ltr' id='par_1_84' title="bbox 1980 3814 3568 3887">
     <span class='ocr_line' id='line_1_84' title="bbox 1980 3814 3568 3887; baseline 0.001 -18"><span class='ocrx_word' id='word_1_632' title='bbox 1980 3816 2286 3871; x_wconf 87' lang='lat' dir='ltr'><strong>habiturum</strong></span> <span class='ocrx_word' id='word_1_633' title='bbox 2319 3816 2457 3887; x_wconf 85' lang='lat' dir='ltr'><strong>quod</strong></span> <span class='ocrx_word' id='word_1_634' title='bbox 2488 3816 2678 3870; x_wconf 86' lang='lat' dir='ltr'><strong>habent</strong></span> <span class='ocrx_word' id='word_1_635' title='bbox 2713 3817 2803 3885; x_wconf 91' lang='lat' dir='ltr'><strong>qui</strong></span> <span class='ocrx_word' id='word_1_636' title='bbox 2838 3814 3038 3871; x_wconf 87' lang='lat' dir='ltr'><strong>Christi</strong></span> <span class='ocrx_word' id='word_1_637' title='bbox 3060 3814 3311 3885; x_wconf 86' lang='lat' dir='ltr'><strong>dogmata</strong></span> <span class='ocrx_word' id='word_1_638' title='bbox 3330 3832 3568 3870; x_wconf 69' lang='lat' dir='ltr'><strong>servave—</strong></span> 
     </span>
    </p>
   </div>
   <div class='ocr_carea' id='block_1_85' title="bbox 1982 3906 3568 3978">
    <p class='ocr_par' dir='ltr' id='par_1_85' title="bbox 1982 3906 3568 3978">
     <span class='ocr_line' id='line_1_85' title="bbox 1982 3906 3568 3978; baseline 0.001 -17"><span class='ocrx_word' id='word_1_639' title='bbox 1982 3911 2113 3972; x_wconf 87' lang='lat' dir='ltr'><strong>rint,</strong></span> <span class='ocrx_word' id='word_1_640' title='bbox 2156 3909 2203 3962; x_wconf 89' lang='lat' dir='ltr'><strong>si</strong></span> <span class='ocrx_word' id='word_1_641' title='bbox 2231 3909 2342 3963; x_wconf 76' lang='grc' dir='ltr'><em>ίιιεσ</em></span> <span class='ocrx_word' id='word_1_642' title='bbox 2373 3910 2509 3977; x_wconf 77' lang='lat' dir='ltr'><strong>ipsa,</strong></span> <span class='ocrx_word' id='word_1_643' title='bbox 2555 3925 2675 3978; x_wconf 78' lang='lat' dir='ltr'><strong>qua:</strong></span> <span class='ocrx_word' id='word_1_644' title='bbox 2716 3908 2871 3971; x_wconf 86' lang='lat' dir='ltr'><strong>dicis,</strong></span> <span class='ocrx_word' id='word_1_645' title='bbox 2924 3923 3195 3976; x_wconf 80' lang='lat' dir='ltr'><strong>perpessus</strong></span> <span class='ocrx_word' id='word_1_646' title='bbox 3234 3908 3404 3977; x_wconf 66' lang='lat' dir='ltr'><strong>luero.</strong></span> <span class='ocrx_word' id='word_1_647' title='bbox 3445 3906 3568 3963; x_wconf 86' lang='lat' dir='ltr'><strong>Scio</strong></span> 
     </span>
    </p>
   </div>
   <div class='ocr_carea' id='block_1_86' title="bbox 1980 4000 3569 4070">
    <p class='ocr_par' dir='ltr' id='par_1_86' title="bbox 1980 4000 3569 4070">
     <span class='ocr_line' id='line_1_86' title="bbox 1980 4000 3569 4070; baseline 0 -17"><span class='ocrx_word' id='word_1_648' title='bbox 1980 4002 2121 4054; x_wconf 78' lang='lat' dir='ltr'><strong>enim</strong></span> <span class='ocrx_word' id='word_1_649' title='bbox 2154 4000 2395 4055; x_wconf 88' lang='lat' dir='ltr'><strong>omnibus</strong></span> <span class='ocrx_word' id='word_1_650' title='bbox 2426 4002 2516 4070; x_wconf 86' lang='lat' dir='ltr'><strong>qui</strong></span> <span class='ocrx_word' id='word_1_651' title='bbox 2542 4002 2619 4054; x_wconf 87' lang='lat' dir='ltr'><strong>sic</strong></span> <span class='ocrx_word' id='word_1_652' title='bbox 2655 4001 2882 4055; x_wconf 73' lang='lat' dir='ltr'><strong>vixerint</strong></span> <span class='ocrx_word' id='word_1_653' title='bbox 2913 4000 3151 4053; x_wconf 86' lang='lat' dir='ltr'><strong>divinam</strong></span> <span class='ocrx_word' id='word_1_654' title='bbox 3182 4001 3415 4068; x_wconf 90' lang='lat' dir='ltr'><strong>gratiam</strong></span> <span class='ocrx_word' id='word_1_655' title='bbox 3443 4016 3569 4053; x_wconf 86' lang='lat' dir='ltr'><strong>cou-</strong></span> 
     </span>
    </p>
   </div>
   <div class='ocr_carea' id='block_1_87' title="bbox 1981 4091 3569 4161">
    <p class='ocr_par' dir='ltr' id='par_1_87' title="bbox 1981 4091 3569 4161">
     <span class='ocr_line' id='line_1_87' title="bbox 1981 4091 3569 4161; baseline 0.001 -16"><span class='ocrx_word' id='word_1_656' title='bbox 1981 4092 2206 4156; x_wconf 85' lang='lat' dir='ltr'><strong>servari,</strong></span> <span class='ocrx_word' id='word_1_657' title='bbox 2242 4091 2418 4161; x_wconf 89' lang='lat' dir='ltr'><strong>quoad</strong></span> <span class='ocrx_word' id='word_1_658' title='bbox 2452 4100 2592 4145; x_wconf 89' lang='lat' dir='ltr'><strong>totus</strong></span> <span class='ocrx_word' id='word_1_659' title='bbox 2630 4091 2857 4145; x_wconf 89' lang='lat' dir='ltr'><strong>mundus</strong></span> <span class='ocrx_word' id='word_1_660' title='bbox 2889 4101 3297 4145; x_wconf 89' lang='lat' dir='ltr'><strong>consummetur.</strong></span> <span class='ocrx_word' id='word_1_661' title='bbox 3330 4091 3412 4145; x_wconf 83' lang='lat' dir='ltr'><strong>Ad</strong></span> <span class='ocrx_word' id='word_1_662' title='bbox 3453 4092 3569 4146; x_wconf 68' lang='lat' dir='ltr'><strong>haec</strong></span> 
     </span>
    </p>
   </div>
   <div class='ocr_carea' id='block_1_88' title="bbox 1982 4181 3569 4253">
    <p class='ocr_par' dir='ltr' id='par_1_88' title="bbox 1982 4181 3569 4253">
     <span class='ocr_line' id='line_1_88' title="bbox 1982 4181 3569 4253; baseline -0.002 -15"><span class='ocrx_word' id='word_1_663' title='bbox 1982 4183 2275 4253; x_wconf 72' lang='lat' dir='ltr'><strong>praefectus</strong></span> <span class='ocrx_word' id='word_1_664' title='bbox 2301 4182 2564 4245; x_wconf 71' lang='lat' dir='ltr'><strong>Rusticus</strong></span> <span class='ocrx_word' id='word_1_665' title='bbox 2598 4198 2611 4232; x_wconf 89' lang='lat'><strong>:</strong></span> <span class='ocrx_word' id='word_1_666' title='bbox 2650 4181 2792 4253; x_wconf 85' lang='lat' dir='ltr'><strong>Ergo</strong></span> <span class='ocrx_word' id='word_1_667' title='bbox 2836 4182 3074 4250; x_wconf 79' lang='lat' dir='ltr'><strong>futurum</strong></span> <span class='ocrx_word' id='word_1_668' title='bbox 3126 4184 3387 4251; x_wconf 84' lang='lat' dir='ltr'><strong>opinaris,</strong></span> <span class='ocrx_word' id='word_1_669' title='bbox 3429 4185 3569 4237; x_wconf 87' lang='lat' dir='ltr'><strong>utin</strong></span> 
     </span>
    </p>
   </div>
   <div class='ocr_carea' id='block_1_89' title="bbox 1982 4275 3570 4348">
    <p class='ocr_par' dir='ltr' id='par_1_89' title="bbox 1982 4275 3570 4348">
     <span class='ocr_line' id='line_1_89' title="bbox 1982 4275 3570 4348; baseline 0.001 -19"><span class='ocrx_word' id='word_1_670' title='bbox 1982 4276 2139 4331; x_wconf 72' lang='lat' dir='ltr'><strong>mlas</strong></span> <span class='ocrx_word' id='word_1_671' title='bbox 2184 4275 2461 4339; x_wconf 86' lang='lat' dir='ltr'><strong>ascendas,</strong></span> <span class='ocrx_word' id='word_1_672' title='bbox 2508 4276 2794 4330; x_wconf 80' lang='lat' dir='ltr'><strong>mercedem</strong></span> <span class='ocrx_word' id='word_1_673' title='bbox 2836 4278 3072 4348; x_wconf 87' lang='lat' dir='ltr'><strong>aliquam</strong></span> <span class='ocrx_word' id='word_1_674' title='bbox 3115 4279 3461 4347; x_wconf 85' lang='lat' dir='ltr'><strong>recepturus?</strong></span> <span class='ocrx_word' id='word_1_675' title='bbox 3497 4306 3570 4317; x_wconf 90' lang='lat'><strong>-—-</strong></span> 
     </span>
    </p>
   </div>
   <div class='ocr_carea' id='block_1_90' title="bbox 1984 4366 3568 4439">
    <p class='ocr_par' dir='ltr' id='par_1_90' title="bbox 1984 4366 3568 4439">
     <span class='ocr_line' id='line_1_90' title="bbox 1984 4366 3568 4439; baseline -0.002 -17"><span class='ocrx_word' id='word_1_676' title='bbox 1984 4366 2111 4422; x_wconf 87' lang='lat' dir='ltr'><strong>Non</strong></span> <span class='ocrx_word' id='word_1_677' title='bbox 2152 4370 2359 4437; x_wconf 82' lang='lat' dir='ltr'><strong>opinor,</strong></span> <span class='ocrx_word' id='word_1_678' title='bbox 2405 4367 2583 4439; x_wconf 86' lang='lat' dir='ltr'><strong>inquit</strong></span> <span class='ocrx_word' id='word_1_679' title='bbox 2626 4366 2896 4433; x_wconf 84' lang='lat' dir='ltr'><strong>Justinus,</strong></span> <span class='ocrx_word' id='word_1_680' title='bbox 2932 4370 3022 4423; x_wconf 87' lang='lat' dir='ltr'><strong>sed</strong></span> <span class='ocrx_word' id='word_1_681' title='bbox 3061 4370 3190 4434; x_wconf 89' lang='lat' dir='ltr'><strong>scio,</strong></span> <span class='ocrx_word' id='word_1_682' title='bbox 3220 4378 3270 4423; x_wconf 89' lang='lat' dir='ltr'><strong>et</strong></span> <span class='ocrx_word' id='word_1_683' title='bbox 3318 4369 3413 4420; x_wconf 88' lang='lat' dir='ltr'><strong>hoc</strong></span> <span class='ocrx_word' id='word_1_684' title='bbox 3459 4378 3568 4421; x_wconf 88' lang='lat' dir='ltr'><strong>tam</strong></span> 
     </span>
    </p>
   </div>
   <div class='ocr_carea' id='block_1_91' title="bbox 1986 4457 3570 4525">
    <p class='ocr_par' dir='ltr' id='par_1_91' title="bbox 1986 4457 3570 4525">
     <span class='ocr_line' id='line_1_91' title="bbox 1986 4457 3570 4525; baseline 0.001 -13"><span class='ocrx_word' id='word_1_685' title='bbox 1986 4469 2185 4513; x_wconf 89' lang='lat' dir='ltr'><strong>certum</strong></span> <span class='ocrx_word' id='word_1_686' title='bbox 2212 4460 2398 4525; x_wconf 85' lang='lat' dir='ltr'><strong>habeo,</strong></span> <span class='ocrx_word' id='word_1_687' title='bbox 2430 4470 2487 4513; x_wconf 91' lang='lat' dir='ltr'><strong>ut</strong></span> <span class='ocrx_word' id='word_1_688' title='bbox 2518 4461 2653 4514; x_wconf 84' lang='lat' dir='ltr'><strong>nihil</strong></span> <span class='ocrx_word' id='word_1_689' title='bbox 2674 4460 2926 4516; x_wconf 84' lang='lat' dir='ltr'><strong>dubitem.</strong></span> <span class='ocrx_word' id='word_1_690' title='bbox 2964 4460 3225 4515; x_wconf 81' lang='lat' dir='ltr'><strong>Rusticus</strong></span> <span class='ocrx_word' id='word_1_691' title='bbox 3257 4460 3433 4514; x_wconf 78' lang='lat' dir='ltr'><strong>dixit:</strong></span> <span class='ocrx_word' id='word_1_692' title='bbox 3472 4457 3570 4513; x_wconf 84' lang='lat' dir='ltr'><strong>Ve—</strong></span> 
     </span>
    </p>
   </div>
   <div class='ocr_carea' id='block_1_92' title="bbox 295 4548 1878 4622">
    <p class='ocr_par' dir='ltr' id='par_1_92' title="bbox 295 4548 1876 4622">
     <span class='ocr_line' id='line_1_92' title="bbox 295 4548 1876 4622; baseline 0.001 -18"><span class='ocrx_word' id='word_1_693' title='bbox 295 4551 506 4620; x_wconf 82' lang='grc' dir='ltr'><em>πεῖγον</em></span> <span class='ocrx_word' id='word_1_694' title='bbox 556 4550 813 4621; x_wconf 83' lang='grc' dir='ltr'><em>πρᾶγμα.</em></span> <span class='ocrx_word' id='word_1_695' title='bbox 866 4553 1269 4617; x_wconf 86' lang='grc' dir='ltr'><em>Συνελθόντες</em></span> <span class='ocrx_word' id='word_1_696' title='bbox 1322 4548 1438 4606; x_wconf 89' lang='grc' dir='ltr'><em>οὗν</em></span> <span class='ocrx_word' id='word_1_697' title='bbox 1494 4552 1876 4622; x_wconf 80' lang='grc' dir='ltr'><em>ὀμαθυμαδὸν</em></span> 
     </span>
    </p>
   </div>
   <div class='ocr_carea' id='block_1_93' title="bbox 1987 4548 3570 4622">
    <p class='ocr_par' dir='ltr' id='par_1_93' title="bbox 1987 4552 3570 4622">
     <span class='ocr_line' id='line_1_93' title="bbox 1987 4552 3570 4622; baseline -0.001 -17"><span class='ocrx_word' id='word_1_698' title='bbox 1987 4552 2191 4606; x_wconf 86' lang='lat' dir='ltr'><strong>niamus</strong></span> <span class='ocrx_word' id='word_1_699' title='bbox 2233 4552 2475 4620; x_wconf 88' lang='lat' dir='ltr'><strong>deinceps</strong></span> <span class='ocrx_word' id='word_1_700' title='bbox 2507 4552 2576 4605; x_wconf 87' lang='lat' dir='ltr'><strong>ad</strong></span> <span class='ocrx_word' id='word_1_701' title='bbox 2614 4552 2670 4605; x_wconf 87' lang='lat' dir='ltr'><strong>id</strong></span> <span class='ocrx_word' id='word_1_702' title='bbox 2704 4552 2842 4622; x_wconf 88' lang='lat' dir='ltr'><strong>quod</strong></span> <span class='ocrx_word' id='word_1_703' title='bbox 2886 4554 3213 4621; x_wconf 88' lang='lat' dir='ltr'><strong>propositum</strong></span> <span class='ocrx_word' id='word_1_704' title='bbox 3253 4560 3351 4611; x_wconf 91' lang='lat' dir='ltr'><strong>est,</strong></span> <span class='ocrx_word' id='word_1_705' title='bbox 3386 4559 3435 4605; x_wconf 86' lang='lat' dir='ltr'><strong>et</strong></span> <span class='ocrx_word' id='word_1_706' title='bbox 3473 4568 3570 4604; x_wconf 89' lang='lat' dir='ltr'><strong>nos</strong></span> 
     </span>
    </p>
   </div>
   <div class='ocr_carea' id='block_1_94' title="bbox 298 4639 1875 4711">
    <p class='ocr_par' dir='ltr' id='par_1_94' title="bbox 298 4639 1875 4711">
     <span class='ocr_line' id='line_1_94' title="bbox 298 4639 1875 4711; baseline 0.001 -15"><span class='ocrx_word' id='word_1_707' title='bbox 298 4646 522 4697; x_wconf 83' lang='grc' dir='ltr'><em>θύσατε</em></span> <span class='ocrx_word' id='word_1_708' title='bbox 552 4643 670 4709; x_wconf 85' lang='grc' dir='ltr'><em>τοῖς</em></span> <span class='ocrx_word' id='word_1_709' title='bbox 695 4643 872 4709; x_wconf 90' lang='grc' dir='ltr'><em>θεοῖς.</em></span> <span class='ocrx_word' id='word_1_710' title='bbox 890 4644 1169 4706; x_wconf 74' lang='grc' dir='ltr'><em>Ἰουστίνος</em></span> <span class='ocrx_word' id='word_1_711' title='bbox 1202 4639 1352 4696; x_wconf 84' lang='grc' dir='ltr'><em>εἶπεν</em></span> <span class='ocrx_word' id='word_1_712' title='bbox 1371 4661 1383 4673; x_wconf 90' lang='grc'><strong>·</strong></span> <span class='ocrx_word' id='word_1_713' title='bbox 1421 4643 1630 4710; x_wconf 81' lang='grc' dir='ltr'><em>Οὐδεὶς</em></span> <span class='ocrx_word' id='word_1_714' title='bbox 1660 4646 1875 4711; x_wconf 63' lang='grc' dir='ltr'><em>εὐφρο-</em></span> 
     </span>
    </p>
   </div>
   <div class='ocr_carea' id='block_1_95' title="bbox 295 4734 1878 4803">
    <p class='ocr_par' dir='ltr' id='par_1_95' title="bbox 295 4734 1878 4803">
     <span class='ocr_line' id='line_1_95' title="bbox 295 4734 1878 4803; baseline 0 -15"><span class='ocrx_word' id='word_1_715' title='bbox 295 4734 418 4788; x_wconf 81' lang='grc' dir='ltr'><strong>νῶν</strong></span> <span class='ocrx_word' id='word_1_716' title='bbox 446 4735 559 4799; x_wconf 82' lang='lat'>(79)</span> <span class='ocrx_word' id='word_1_717' title='bbox 598 4736 716 4789; x_wconf 80' lang='grc' dir='ltr'><em>ἀπὸ</em></span> <span class='ocrx_word' id='word_1_718' title='bbox 757 4734 1067 4800; x_wconf 82' lang='grc' dir='ltr'><em>εὐσεϐείας</em></span> <span class='ocrx_word' id='word_1_719' title='bbox 1108 4735 1352 4803; x_wconf 80' lang='grc' dir='ltr'><em>ἀσεϐείᾳ</em></span> <span class='ocrx_word' id='word_1_720' title='bbox 1388 4736 1878 4790; x_wconf 83' lang='grc' dir='ltr'><em>εὶσπίπτει.Ῥου-</em></span> 
     </span>
    </p>
   </div>
   <div class='ocr_carea' id='block_1_96' title="bbox 368 4916 1748 4993">
    <p class='ocr_par' dir='ltr' id='par_1_96' title="bbox 368 4916 1748 4993">
     <span class='ocr_line' id='line_1_96' title="bbox 368 4916 1748 4993; baseline -0.005 -16"><span class='ocrx_word' id='word_1_721' title='bbox 368 4923 483 4993; x_wconf 78' lang='grc'><strong>(75)</strong></span> <span class='ocrx_word' id='word_1_722' title='bbox 514 4920 662 4975; x_wconf 86' lang='grc' dir='ltr'><em>Θεοῦ</em></span> <span class='ocrx_word' id='word_1_723' title='bbox 690 4919 987 4993; x_wconf 66' lang='grc' dir='ltr'><em>κελεύσει.</em></span> <span class='ocrx_word' id='word_1_724' title='bbox 1028 4918 1124 4972; x_wconf 85' lang='lat' dir='ltr'><strong>Dei</strong></span> <span class='ocrx_word' id='word_1_725' title='bbox 1147 4919 1329 4993; x_wconf 82' lang='lat' dir='ltr'><strong>jussu,</strong></span> <span class='ocrx_word' id='word_1_726' title='bbox 1360 4916 1748 4993; x_wconf 29' lang='lat' dir='ltr'><strong>sive‘hortatu.</strong></span> 
     </span>
    </p>
   </div>
   <div class='ocr_carea' id='block_1_97' title="bbox 368 4924 1886 5064">
    <p class='ocr_par' dir='ltr' id='par_1_97' title="bbox 368 4924 1886 5064">
     <span class='ocr_line' id='line_1_97' title="bbox 368 4924 1748 4993; baseline -0.005 -16"><span class='ocrx_word' id='word_1_727' title='bbox 368 4924 463 4993; x_wconf 77' lang='lat'>(73</span> <span class='ocrx_word' id='word_1_728' title='bbox 514 4924 662 4975; x_wconf 86' lang='grc' dir='ltr'><em>Θεοῦ</em></span> <span class='ocrx_word' id='word_1_729' title='bbox 690 4924 987 4973; x_wconf 83' lang='grc' dir='ltr'><em>κελεύσει.</em></span> <span class='ocrx_word' id='word_1_730' title='bbox 1028 4924 1124 4972; x_wconf 85' lang='lat' dir='ltr'><strong>Dei</strong></span> <span class='ocrx_word' id='word_1_731' title='bbox 1147 4924 1329 4988; x_wconf 82' lang='lat' dir='ltr'><strong>jussu,</strong></span> <span class='ocrx_word' id='word_1_732' title='bbox 1360 4924 1476 4974; x_wconf 82' lang='lat' dir='ltr'><strong>sive</strong></span> <span class='ocrx_word' id='word_1_733' title='bbox 1508 4924 1748 4971; x_wconf 85' lang='lat' dir='ltr'><strong>hortatu.</strong></span> 
     </span>
     <span class='ocr_line' id='line_1_98' title="bbox 368 4924 1886 5064; baseline -0.006 -16"><span class='ocrx_word' id='word_1_734' title='bbox 368 4924 483 5064; x_wconf 45' lang='grc' dir='ltr'><strong>(Ἡδὲ</strong></span> <span class='ocrx_word' id='word_1_735' title='bbox 517 4990 767 5064; x_wconf 73' lang='grc' dir='ltr'><em>Χαριτῴ.</em></span> <span class='ocrx_word' id='word_1_736' title='bbox 785 4988 1047 5064; x_wconf 57' lang='lat' dir='ltr'><strong>ﬂusticus</strong></span> <span class='ocrx_word' id='word_1_737' title='bbox 1076 4992 1354 5064; x_wconf 62' lang='lat' dir='ltr'><strong>praefectus</strong></span> <span class='ocrx_word' id='word_1_738' title='bbox 1381 4988 1519 5064; x_wconf 72' lang='lat' dir='ltr'><strong>dixit</strong></span> <span class='ocrx_word' id='word_1_739' title='bbox 1547 4993 1638 5064; x_wconf 79' lang='lat' dir='ltr'><strong>__ad_</strong></span> <span class='ocrx_word' id='word_1_740' title='bbox 1690 4987 1886 5064; x_wconf 64' lang='lat' dir='ltr'><strong>Chari-</strong></span> 
     </span>
    </p>
   </div>
   <div class='ocr_carea' id='block_1_98' title="bbox 299 5056 1880 5131">
    <p class='ocr_par' dir='ltr' id='par_1_98' title="bbox 299 5056 1880 5131">
     <span class='ocr_line' id='line_1_99' title="bbox 299 5056 1880 5131; baseline -0.003 -16"><span class='ocrx_word' id='word_1_741' title='bbox 299 5056 561 5117; x_wconf 62' lang='lat' dir='ltr'><strong>tum:&#39;Tu</strong></span> <span class='ocrx_word' id='word_1_742' title='bbox 595 5056 721 5131; x_wconf 80' lang='lat' dir='ltr'><strong>quid</strong></span> <span class='ocrx_word' id='word_1_743' title='bbox 761 5059 917 5123; x_wconf 85' lang='lat' dir='ltr'><strong>dicis,</strong></span> <span class='ocrx_word' id='word_1_744' title='bbox 952 5056 1227 5131; x_wconf 70' lang='lat' dir='ltr'><strong>Charito?</strong></span> <span class='ocrx_word' id='word_1_745' title='bbox 1252 5059 1471 5114; x_wconf 79' lang='lat' dir='ltr'><strong>Charite</strong></span> <span class='ocrx_word' id='word_1_746' title='bbox 1523 5057 1661 5131; x_wconf 73' lang='lat' dir='ltr'><strong>dixit</strong></span> <span class='ocrx_word' id='word_1_747' title='bbox 1686 5056 1880 5131; x_wconf 82' lang='lat' dir='ltr'><strong>:Chri-</strong></span> 
     </span>
    </p>
   </div>
   <div class='ocr_carea' id='block_1_99' title="bbox 297 5129 1883 5187">
    <p class='ocr_par' dir='ltr' id='par_1_99' title="bbox 297 5129 1883 5187">
     <span class='ocr_line' id='line_1_100' title="bbox 297 5129 1883 5187; baseline -0.002 -1"><span class='ocrx_word' id='word_1_748' title='bbox 297 5135 475 5187; x_wconf 85' lang='lat' dir='ltr'><strong>stiona</strong></span> <span class='ocrx_word' id='word_1_749' title='bbox 504 5129 621 5186; x_wconf 85' lang='lat' dir='ltr'><strong>sum</strong></span> <span class='ocrx_word' id='word_1_750' title='bbox 650 5131 745 5184; x_wconf 87' lang='lat' dir='ltr'><strong>Dei</strong></span> <span class='ocrx_word' id='word_1_751' title='bbox 775 5132 931 5184; x_wconf 89' lang='lat' dir='ltr'><strong>dono.</strong></span> <span class='ocrx_word' id='word_1_752' title='bbox 961 5130 1086 5183; x_wconf 68' lang='lat' dir='ltr'><strong>Haec</strong></span> <span class='ocrx_word' id='word_1_753' title='bbox 1123 5130 1317 5185; x_wconf 89' lang='lat' dir='ltr'><strong>mulier</strong></span> <span class='ocrx_word' id='word_1_754' title='bbox 1346 5136 1572 5185; x_wconf 83' lang='lat' dir='ltr'><strong>vocatur</strong></span> <span class='ocrx_word' id='word_1_755' title='bbox 1601 5129 1883 5184; x_wconf 84' lang='lat' dir='ltr'><strong>Charitina</strong></span> 
     </span>
    </p>
   </div>
   <div class='ocr_carea' id='block_1_100' title="bbox 298 5200 1139 5272">
    <p class='ocr_par' dir='ltr' id='par_1_100' title="bbox 298 5200 1139 5272">
     <span class='ocr_line' id='line_1_101' title="bbox 298 5200 1139 5272; baseline -0.001 -17"><span class='ocrx_word' id='word_1_756' title='bbox 298 5205 442 5272; x_wconf 80' lang='lat' dir='ltr'><strong>apud</strong></span> <span class='ocrx_word' id='word_1_757' title='bbox 473 5202 765 5256; x_wconf 88' lang='lat' dir='ltr'><strong>Baronium</strong></span> <span class='ocrx_word' id='word_1_758' title='bbox 800 5201 866 5253; x_wconf 89' lang='lat' dir='ltr'><strong>ad</strong></span> <span class='ocrx_word' id='word_1_759' title='bbox 897 5216 988 5255; x_wconf 90' lang='lat' dir='ltr'><strong>an.</strong></span> <span class='ocrx_word' id='word_1_760' title='bbox 1014 5200 1139 5254; x_wconf 79' lang='grc'><strong>165.</strong></span> 
     </span>
    </p>
   </div>
   <div class='ocr_carea' id='block_1_101' title="bbox 369 5267 1885 5343">
    <p class='ocr_par' dir='ltr' id='par_1_101' title="bbox 369 5267 1885 5343">
     <span class='ocr_line' id='line_1_102' title="bbox 369 5267 1885 5343; baseline -0.003 -18"><span class='ocrx_word' id='word_1_761' title='bbox 369 5274 483 5343; x_wconf 85' lang='grc'><strong>(75)</strong></span> <span class='ocrx_word' id='word_1_762' title='bbox 524 5269 1432 5343; x_wconf 30' lang='grc' dir='ltr'><em>ΔοῦλοςῷΚαίσαρος.-Ευείρίειιιε</em></span> <span class='ocrx_word' id='word_1_763' title='bbox 1477 5267 1885 5343; x_wconf 33' lang='grc' dir='ltr'><em>θεῖναί-σιτεο-</em></span> 
     </span>
    </p>
   </div>
   <div class='ocr_carea' id='block_1_102' title="bbox 302 5339 1882 5412">
    <p class='ocr_par' dir='ltr' id='par_1_102' title="bbox 302 5339 1882 5412">
     <span class='ocr_line' id='line_1_103' title="bbox 302 5339 1882 5412; baseline 0 -18"><span class='ocrx_word' id='word_1_764' title='bbox 302 5339 705 5412; x_wconf 63' lang='grc' dir='ltr'><em>τὶενεὲροηάίίε</em></span> <span class='ocrx_word' id='word_1_765' title='bbox 730 5340 842 5412; x_wconf 82' lang='lat' dir='ltr'><strong>Ego</strong></span> <span class='ocrx_word' id='word_1_766' title='bbox 872 5356 1073 5412; x_wconf 86' lang='lat' dir='ltr'><strong>quoque</strong></span> <span class='ocrx_word' id='word_1_767' title='bbox 1106 5339 1444 5412; x_wconf 83' lang='lat' dir='ltr'><strong>Christianus</strong></span> <span class='ocrx_word' id='word_1_768' title='bbox 1464 5356 1604 5401; x_wconf 88' lang='lat' dir='ltr'><strong>sum,</strong></span> <span class='ocrx_word' id='word_1_769' title='bbox 1629 5339 1882 5394; x_wconf 89' lang='lat' dir='ltr'><strong>liberatus</strong></span> 
     </span>
    </p>
   </div>
   <div class='ocr_carea' id='block_1_103' title="bbox 298 5410 1884 5479">
    <p class='ocr_par' dir='ltr' id='par_1_103' title="bbox 298 5410 1884 5479">
     <span class='ocr_line' id='line_1_104' title="bbox 298 5410 1884 5479; baseline -0.002 -13"><span class='ocrx_word' id='word_1_770' title='bbox 298 5432 330 5466; x_wconf 83' lang='grc' dir='ltr'><strong>ιι</strong></span> <span class='ocrx_word' id='word_1_771' title='bbox 367 5410 618 5475; x_wconf 88' lang='lat' dir='ltr'><strong>Christo,</strong></span> <span class='ocrx_word' id='word_1_772' title='bbox 676 5428 739 5463; x_wconf 88' lang='lat' dir='ltr'><strong>ac</strong></span> <span class='ocrx_word' id='word_1_773' title='bbox 792 5410 1025 5473; x_wconf 78' lang='lat' dir='ltr'><strong>eiusdem</strong></span> <span class='ocrx_word' id='word_1_774' title='bbox 1061 5411 1170 5478; x_wconf 85' lang='lat' dir='ltr'><strong>spei</strong></span> <span class='ocrx_word' id='word_1_775' title='bbox 1222 5410 1484 5477; x_wconf 86' lang='lat' dir='ltr'><strong>particeps</strong></span> <span class='ocrx_word' id='word_1_776' title='bbox 1530 5426 1648 5463; x_wconf 88' lang='lat' dir='ltr'><strong>sum</strong></span> <span class='ocrx_word' id='word_1_777' title='bbox 1708 5412 1884 5479; x_wconf 88' lang='lat' dir='ltr'><strong>gratia</strong></span> 
     </span>
    </p>
   </div>
   <div class='ocr_carea' id='block_1_104' title="bbox 299 5480 1883 5549">
    <p class='ocr_par' dir='ltr' id='par_1_104' title="bbox 299 5480 1883 5549">
     <span class='ocr_line' id='line_1_105' title="bbox 299 5480 1883 5549; baseline -0.003 -12"><span class='ocrx_word' id='word_1_778' title='bbox 299 5484 522 5539; x_wconf 84' lang='lat' dir='ltr'><strong>Christi.</strong></span> <span class='ocrx_word' id='word_1_779' title='bbox 558 5512 629 5522; x_wconf 93' lang='lat'><em>—</em></span> <span class='ocrx_word' id='word_1_780' title='bbox 669 5480 846 5535; x_wconf 79' lang='lat' dir='ltr'><strong>Vertit</strong></span> <span class='ocrx_word' id='word_1_781' title='bbox 896 5480 1166 5549; x_wconf 83' lang='lat' dir='ltr'><strong>interpres</strong></span> <span class='ocrx_word' id='word_1_782' title='bbox 1207 5480 1369 5541; x_wconf 85' lang='lat' dir='ltr'><strong>male,</strong></span> <span class='ocrx_word' id='word_1_783' title='bbox 1402 5486 1461 5532; x_wconf 93' lang='lat' dir='ltr'><strong>ut</strong></span> <span class='ocrx_word' id='word_1_784' title='bbox 1506 5480 1667 5534; x_wconf 83' lang='lat' dir='ltr'><strong>nobis</strong></span> <span class='ocrx_word' id='word_1_785' title='bbox 1718 5480 1883 5549; x_wconf 80' lang='lat' dir='ltr'><strong>etiam</strong></span> 
     </span>
    </p>
   </div>
   <div class='ocr_carea' id='block_1_105' title="bbox 299 5548 1886 5621">
    <p class='ocr_par' dir='ltr' id='par_1_105' title="bbox 299 5548 1886 5621">
     <span class='ocr_line' id='line_1_106' title="bbox 299 5548 1886 5621; baseline -0.002 -15"><span class='ocrx_word' id='word_1_786' title='bbox 299 5554 539 5615; x_wconf 88' lang='lat' dir='ltr'><strong>videtur,</strong></span> <span class='ocrx_word' id='word_1_787' title='bbox 563 5552 721 5621; x_wconf 87' lang='lat' dir='ltr'><strong>quasi</strong></span> <span class='ocrx_word' id='word_1_788' title='bbox 751 5552 864 5605; x_wconf 67' lang='lat' dir='ltr'><strong>haec</strong></span> <span class='ocrx_word' id='word_1_789' title='bbox 884 5548 1069 5611; x_wconf 79' lang='lat' dir='ltr'><strong>verba,</strong></span> <span class='ocrx_word' id='word_1_790' title='bbox 1098 5550 1281 5613; x_wconf 80' lang='grc' dir='ltr'><em>δοῦλος</em></span> <span class='ocrx_word' id='word_1_791' title='bbox 1303 5550 1601 5621; x_wconf 55' lang='grc' dir='ltr'><em>Ιξαίσαρος,</em></span> <span class='ocrx_word' id='word_1_792' title='bbox 1638 5549 1707 5601; x_wconf 85' lang='lat' dir='ltr'><strong>ad</strong></span> <span class='ocrx_word' id='word_1_793' title='bbox 1728 5548 1886 5605; x_wconf 84' lang='lat' dir='ltr'><strong>Evel-</strong></span> 
     </span>
    </p>
   </div>
   <div class='ocr_carea' id='block_1_106' title="bbox 299 5618 1743 5693">
    <p class='ocr_par' dir='ltr' id='par_1_106' title="bbox 299 5618 1743 5693">
     <span class='ocr_line' id='line_1_107' title="bbox 299 5618 1743 5693; baseline -0.002 -17"><span class='ocrx_word' id='word_1_794' title='bbox 299 5626 426 5693; x_wconf 82' lang='lat' dir='ltr'><strong>pisti</strong></span> <span class='ocrx_word' id='word_1_795' title='bbox 459 5618 874 5693; x_wconf 74' lang='lat' dir='ltr'><strong>responsionem</strong></span> <span class='ocrx_word' id='word_1_796' title='bbox 916 5621 1272 5693; x_wconf 64' lang='lat' dir='ltr'><strong>pertinerent.</strong></span> <span class='ocrx_word' id='word_1_797' title='bbox 1296 5618 1469 5693; x_wconf 3' lang='lat' dir='ltr'><strong>(Eutr.</strong></span> <span class='ocrx_word' id='word_1_798' title='bbox 1490 5618 1743 5693; x_wconf 57' lang='grc' dir='ltr'><em>ῬΑτεοι..</em></span> 
     </span>
    </p>
   </div>
   <div class='ocr_carea' id='block_1_107' title="bbox 368 5689 1883 5777">
    <p class='ocr_par' dir='ltr' id='par_1_107' title="bbox 368 5689 1883 5777">
     <span class='ocr_line' id='line_1_108' title="bbox 368 5689 1883 5777; baseline -0.004 -30"><span class='ocrx_word' id='word_1_799' title='bbox 368 5696 482 5777; x_wconf 80' lang='lat'>(76)</span> <span class='ocrx_word' id='word_1_800' title='bbox 507 5689 617 5777; x_wconf 51' lang='grc' dir='ltr'><strong>[φὶ</strong></span> <span class='ocrx_word' id='word_1_801' title='bbox 649 5693 751 5771; x_wconf 64' lang='grc' dir='ltr'><strong>σῷ.</strong></span> <span class='ocrx_word' id='word_1_802' title='bbox 788 5690 1002 5777; x_wconf 43' lang='lat' dir='ltr'><strong>Nutn&#39;et</strong></span> <span class='ocrx_word' id='word_1_803' title='bbox 1030 5701 1086 5771; x_wconf 77' lang='lat' dir='ltr'><strong>tu</strong></span> <span class='ocrx_word' id='word_1_804' title='bbox 1108 5689 1523 5777; x_wconf 52' lang='lat' dir='ltr'><strong>Chris‘tianu&#39;ses</strong></span> <span class='ocrx_word' id='word_1_805' title='bbox 1548 5689 1691 5769; x_wconf 79' lang='lat' dir='ltr'><strong>?_Sic</strong></span> <span class='ocrx_word' id='word_1_806' title='bbox 1719 5690 1883 5769; x_wconf 71' lang='lat' dir='ltr'><strong>etiam</strong></span> 
     </span>
    </p>
   </div>
   <div class='ocr_carea' id='block_1_108' title="bbox 299 5758 1882 5830">
    <p class='ocr_par' dir='ltr' id='par_1_108' title="bbox 299 5758 1882 5830">
     <span class='ocr_line' id='line_1_109' title="bbox 299 5758 1882 5830; baseline -0.004 -13"><span class='ocrx_word' id='word_1_807' title='bbox 299 5758 440 5819; x_wconf 75' lang='lat' dir='ltr'><strong>infra</strong></span> <span class='ocrx_word' id='word_1_808' title='bbox 466 5758 523 5819; x_wconf 83' lang='lat' dir='ltr'><strong>in</strong></span> <span class='ocrx_word' id='word_1_809' title='bbox 542 5762 748 5815; x_wconf 62' lang='lat' dir='ltr'><strong>Graecis</strong></span> <span class='ocrx_word' id='word_1_810' title='bbox 775 5762 911 5816; x_wconf 86' lang='lat' dir='ltr'><strong>actis</strong></span> <span class='ocrx_word' id='word_1_811' title='bbox 940 5761 1112 5830; x_wconf 86' lang='lat' dir='ltr'><strong>ipsius</strong></span> <span class='ocrx_word' id='word_1_812' title='bbox 1142 5760 1379 5828; x_wconf 75' lang='lat' dir='ltr'><strong>pra-lecti</strong></span> <span class='ocrx_word' id='word_1_813' title='bbox 1412 5758 1882 5830; x_wconf 72' lang='lat' dir='ltr'><strong>Liberianumin-</strong></span> 
     </span>
    </p>
   </div>
   <div class='ocr_carea' id='block_1_109' title="bbox 296 5827 1884 5904">
    <p class='ocr_par' dir='ltr' id='par_1_109' title="bbox 296 5827 1884 5904">
     <span class='ocr_line' id='line_1_110' title="bbox 296 5827 1884 5904; baseline -0.004 -15"><span class='ocrx_word' id='word_1_814' title='bbox 296 5834 633 5904; x_wconf 74' lang='lat' dir='ltr'><strong>terrOgantis</strong></span> <span class='ocrx_word' id='word_1_815' title='bbox 658 5833 822 5887; x_wconf 84' lang='lat' dir='ltr'><strong>verba</strong></span> <span class='ocrx_word' id='word_1_816' title='bbox 851 5827 1160 5886; x_wconf 75' lang='lat' dir='ltr'><strong>referuntur</strong></span> <span class='ocrx_word' id='word_1_817' title='bbox 1184 5851 1194 5885; x_wconf 93' lang='lat'><strong>:</strong></span> <span class='ocrx_word' id='word_1_818' title='bbox 1226 5830 1366 5897; x_wconf 81' lang='lat' dir='ltr'><strong>Quid</strong></span> <span class='ocrx_word' id='word_1_819' title='bbox 1394 5840 1442 5885; x_wconf 89' lang='lat' dir='ltr'><strong>et</strong></span> <span class='ocrx_word' id='word_1_820' title='bbox 1472 5840 1524 5883; x_wconf 88' lang='lat' dir='ltr'><strong>tu</strong></span> <span class='ocrx_word' id='word_1_821' title='bbox 1549 5830 1681 5882; x_wconf 76' lang='lat' dir='ltr'><strong>dicis</strong></span> <span class='ocrx_word' id='word_1_822' title='bbox 1702 5827 1884 5882; x_wconf 85' lang='lat' dir='ltr'><strong>?Num</strong></span> 
     </span>
    </p>
   </div>
   <div class='ocr_carea' id='block_1_110' title="bbox 1998 4641 3570 4714">
    <p class='ocr_par' dir='ltr' id='par_1_110' title="bbox 1998 4641 3570 4714">
     <span class='ocr_line' id='line_1_111' title="bbox 1998 4641 3570 4714; baseline 0 -18"><span class='ocrx_word' id='word_1_823' title='bbox 1998 4652 2151 4714; x_wconf 82' lang='lat' dir='ltr'><strong>trget.</strong></span> <span class='ocrx_word' id='word_1_824' title='bbox 2183 4641 2464 4698; x_wconf 76' lang='lat' dir='ltr'><strong>Conuenite</strong></span> <span class='ocrx_word' id='word_1_825' title='bbox 2506 4643 2687 4707; x_wconf 86' lang='lat' dir='ltr'><strong>simul,</strong></span> <span class='ocrx_word' id='word_1_826' title='bbox 2721 4654 2770 4696; x_wconf 90' lang='lat' dir='ltr'><strong>et</strong></span> <span class='ocrx_word' id='word_1_827' title='bbox 2805 4659 2910 4696; x_wconf 88' lang='lat' dir='ltr'><strong>uno</strong></span> <span class='ocrx_word' id='word_1_828' title='bbox 2945 4643 3224 4713; x_wconf 88' lang='lat' dir='ltr'><strong>eodemque</strong></span> <span class='ocrx_word' id='word_1_829' title='bbox 3258 4643 3435 4695; x_wconf 89' lang='lat' dir='ltr'><strong>animo</strong></span> <span class='ocrx_word' id='word_1_830' title='bbox 3463 4644 3570 4696; x_wconf 89' lang='lat' dir='ltr'><strong>diis</strong></span> 
     </span>
    </p>
   </div>
   <div class='ocr_carea' id='block_1_111' title="bbox 1993 4735 3570 4807">
    <p class='ocr_par' dir='ltr' id='par_1_111' title="bbox 1993 4735 3570 4807">
     <span class='ocr_line' id='line_1_112' title="bbox 1993 4735 3570 4807; baseline -0.001 -19"><span class='ocrx_word' id='word_1_831' title='bbox 1993 4737 2301 4807; x_wconf 52' lang='lat' dir='ltr'><strong>sacriﬁcate.</strong></span> <span class='ocrx_word' id='word_1_832' title='bbox 2352 4737 2433 4791; x_wconf 85' lang='lat' dir='ltr'><strong>Ad</strong></span> <span class='ocrx_word' id='word_1_833' title='bbox 2477 4737 2592 4792; x_wconf 66' lang='lat' dir='ltr'><strong>haec</strong></span> <span class='ocrx_word' id='word_1_834' title='bbox 2633 4735 2884 4791; x_wconf 82' lang='lat' dir='ltr'><strong>Justinus</strong></span> <span class='ocrx_word' id='word_1_835' title='bbox 2928 4756 2942 4791; x_wconf 90' lang='lat'><strong>:</strong></span> <span class='ocrx_word' id='word_1_836' title='bbox 2990 4735 3182 4803; x_wconf 86' lang='lat' dir='ltr'><strong>Nemo,</strong></span> <span class='ocrx_word' id='word_1_837' title='bbox 3224 4737 3424 4806; x_wconf 90' lang='lat' dir='ltr'><strong>inquit,</strong></span> <span class='ocrx_word' id='word_1_838' title='bbox 3478 4736 3570 4805; x_wconf 91' lang='lat' dir='ltr'><strong>qui</strong></span> 
     </span>
    </p>
   </div>
   <div class='ocr_carea' id='block_1_112' title="bbox 1986 4915 3259 4993">
    <p class='ocr_par' dir='ltr' id='par_1_112' title="bbox 1986 4915 3259 4993">
     <span class='ocr_line' id='line_1_113' title="bbox 1986 4915 3259 4993; baseline -0.005 -20"><span class='ocrx_word' id='word_1_839' title='bbox 1986 4915 2319 4993; x_wconf 22' lang='lat' dir='ltr'><strong>Christia‘rnts</strong></span> <span class='ocrx_word' id='word_1_840' title='bbox 2350 4933 2551 4986; x_wconf 88' lang='lat' dir='ltr'><strong>quoque</strong></span> <span class='ocrx_word' id='word_1_841' title='bbox 2572 4934 2625 4970; x_wconf 89' lang='lat' dir='ltr'><strong>es</strong></span> <span class='ocrx_word' id='word_1_842' title='bbox 2656 4933 2747 4993; x_wconf 81' lang='lat' dir='ltr'><strong>nec</strong></span> <span class='ocrx_word' id='word_1_843' title='bbox 2767 4917 2882 4993; x_wconf 81' lang='lat' dir='ltr'><strong>pius</strong></span> <span class='ocrx_word' id='word_1_844' title='bbox 2898 4915 2926 4967; x_wconf 71' lang='lat'><strong>.9</strong></span> <span class='ocrx_word' id='word_1_845' title='bbox 3092 4986 3111 4993; x_wconf 38' lang='grc' dir='ltr'><strong>Α</strong></span> <span class='ocrx_word' id='word_1_846' title='bbox 3193 4986 3215 4993; x_wconf 76' lang='lat'>_</span> <span class='ocrx_word' id='word_1_847' title='bbox 3232 4981 3259 4993; x_wconf 78' lang='lat'><em>_</em></span> 
     </span>
    </p>
   </div>
   <div class='ocr_carea' id='block_1_113' title="bbox 2055 4982 3569 5060">
    <p class='ocr_par' dir='ltr' id='par_1_113' title="bbox 2055 4982 3569 5060">
     <span class='ocr_line' id='line_1_114' title="bbox 2055 4982 3569 5060; baseline -0.001 -22"><span class='ocrx_word' id='word_1_848' title='bbox 2055 4989 2169 5060; x_wconf 76' lang='lat'>(77)</span> <span class='ocrx_word' id='word_1_849' title='bbox 2212 4982 2372 5042; x_wconf 63' lang='grc' dir='ltr'><strong>Ἐὰν</strong></span> <span class='ocrx_word' id='word_1_850' title='bbox 2378 4982 2774 5060; x_wconf 72' lang='grc' dir='ltr'><em>μαστιγωθεὶς</em></span> <span class='ocrx_word' id='word_1_851' title='bbox 2801 4982 3336 5060; x_wconf 42' lang='grc' dir='ltr'><em>ἀποπεφαλισθῇςη</em></span> <span class='ocrx_word' id='word_1_852' title='bbox 3355 4982 3416 5037; x_wconf 92' lang='lat' dir='ltr'><strong>Si</strong></span> <span class='ocrx_word' id='word_1_853' title='bbox 3450 5000 3569 5060; x_wconf 71' lang='lat' dir='ltr'><strong>per-</strong></span> 
     </span>
    </p>
   </div>
   <div class='ocr_carea' id='block_1_114' title="bbox 1987 5053 3570 5125">
    <p class='ocr_par' dir='ltr' id='par_1_114' title="bbox 1987 5053 3570 5125">
     <span class='ocr_line' id='line_1_115' title="bbox 1987 5053 3570 5125; baseline -0.004 -12"><span class='ocrx_word' id='word_1_854' title='bbox 1987 5053 2195 5113; x_wconf 75' lang='lat' dir='ltr'><strong>beribus</strong></span> <span class='ocrx_word' id='word_1_855' title='bbox 2226 5053 2393 5111; x_wconf 67' lang='grc' dir='ltr'><em>εωθιιὲ</em></span> <span class='ocrx_word' id='word_1_856' title='bbox 2424 5053 2595 5123; x_wconf 84' lang='lat' dir='ltr'><strong>capite</strong></span> <span class='ocrx_word' id='word_1_857' title='bbox 2624 5056 2895 5125; x_wconf 86' lang='lat' dir='ltr'><strong>plectaris.</strong></span> <span class='ocrx_word' id='word_1_858' title='bbox 2931 5054 3227 5110; x_wconf 87' lang='lat' dir='ltr'><strong>Mendosus</strong></span> <span class='ocrx_word' id='word_1_859' title='bbox 3271 5053 3570 5108; x_wconf 86' lang='lat' dir='ltr'><strong>admodum</strong></span> 
     </span>
    </p>
   </div>
   <div class='ocr_carea' id='block_1_115' title="bbox 1987 5127 2577 5196">
    <p class='ocr_par' dir='ltr' id='par_1_115' title="bbox 1987 5127 2577 5196">
     <span class='ocr_line' id='line_1_116' title="bbox 1987 5127 2577 5196; baseline -0.002 -15"><span class='ocrx_word' id='word_1_860' title='bbox 1987 5127 2089 5183; x_wconf 84' lang='lat' dir='ltr'><strong>hoc</strong></span> <span class='ocrx_word' id='word_1_861' title='bbox 2122 5129 2246 5181; x_wconf 91' lang='lat' dir='ltr'><strong>loco</strong></span> <span class='ocrx_word' id='word_1_862' title='bbox 2284 5128 2577 5196; x_wconf 84' lang='lat' dir='ltr'><strong>interpres.</strong></span> 
     </span>
    </p>
   </div>
   <div class='ocr_carea' id='block_1_116' title="bbox 2058 5193 3569 5268">
    <p class='ocr_par' dir='ltr' id='par_1_116' title="bbox 2058 5193 3569 5268">
     <span class='ocr_line' id='line_1_117' title="bbox 2058 5193 3569 5268; baseline -0.005 -17"><span class='ocrx_word' id='word_1_863' title='bbox 2058 5199 2171 5268; x_wconf 91' lang='lat'>(78)</span> <span class='ocrx_word' id='word_1_864' title='bbox 2208 5193 2495 5268; x_wconf 71' lang='grc' dir='ltr'><em>Δόγματα.</em></span> <span class='ocrx_word' id='word_1_865' title='bbox 2540 5195 2874 5268; x_wconf 19' lang='grc' dir='ltr'><strong>εἰλιεεεῐηιιε</strong></span> <span class='ocrx_word' id='word_1_866' title='bbox 2910 5194 3137 5265; x_wconf 70' lang='grc' dir='ltr'><em>δόματα,</em></span> <span class='ocrx_word' id='word_1_867' title='bbox 3164 5209 3315 5261; x_wconf 89' lang='lat' dir='ltr'><strong>spero</strong></span> <span class='ocrx_word' id='word_1_868' title='bbox 3352 5209 3434 5246; x_wconf 89' lang='lat' dir='ltr'><strong>me</strong></span> <span class='ocrx_word' id='word_1_869' title='bbox 3469 5193 3569 5268; x_wconf 81' lang='lat' dir='ltr'><strong>ha-</strong></span> 
     </span>
    </p>
   </div>
   <div class='ocr_carea' id='block_1_117' title="bbox 1990 5265 3567 5329">
    <p class='ocr_par' dir='ltr' id='par_1_117' title="bbox 1990 5265 3567 5329">
     <span class='ocr_line' id='line_1_118' title="bbox 1990 5265 3567 5329; baseline -0.003 -8"><span class='ocrx_word' id='word_1_870' title='bbox 1990 5265 2219 5322; x_wconf 82' lang='lat' dir='ltr'><strong>biturum</strong></span> <span class='ocrx_word' id='word_1_871' title='bbox 2242 5268 2392 5322; x_wconf 82' lang='lat' dir='ltr'><strong>illius</strong></span> <span class='ocrx_word' id='word_1_872' title='bbox 2414 5266 2576 5329; x_wconf 90' lang='lat' dir='ltr'><strong>dona,</strong></span> <span class='ocrx_word' id='word_1_873' title='bbox 2604 5266 2757 5319; x_wconf 90' lang='lat' dir='ltr'><strong>locus</strong></span> <span class='ocrx_word' id='word_1_874' title='bbox 2782 5266 3067 5326; x_wconf 86' lang='lat' dir='ltr'><strong>enitescet,</strong></span> <span class='ocrx_word' id='word_1_875' title='bbox 3093 5278 3193 5317; x_wconf 92' lang='lat' dir='ltr'><strong>nec</strong></span> <span class='ocrx_word' id='word_1_876' title='bbox 3212 5278 3439 5317; x_wconf 86' lang='lat' dir='ltr'><strong>necesse</strong></span> <span class='ocrx_word' id='word_1_877' title='bbox 3459 5265 3567 5318; x_wconf 83' lang='lat' dir='ltr'><strong>erit</strong></span> 
     </span>
    </p>
   </div>
   <div class='ocr_carea' id='block_1_118' title="bbox 1987 5334 3562 5409">
    <p class='ocr_par' dir='ltr' id='par_1_118' title="bbox 1987 5334 3562 5409">
     <span class='ocr_line' id='line_1_119' title="bbox 1987 5334 3562 5409; baseline -0.004 -16"><span class='ocrx_word' id='word_1_878' title='bbox 1987 5339 2289 5409; x_wconf 87' lang='lat' dir='ltr'><strong>quidquam</strong></span> <span class='ocrx_word' id='word_1_879' title='bbox 2314 5337 2586 5409; x_wconf 80' lang='lat' dir='ltr'><strong>supplere.</strong></span> <span class='ocrx_word' id='word_1_880' title='bbox 2616 5335 2753 5390; x_wconf 83' lang='lat' dir='ltr'><strong>Huic</strong></span> <span class='ocrx_word' id='word_1_881' title='bbox 2781 5335 2901 5388; x_wconf 87' lang='lat' dir='ltr'><strong>voci</strong></span> <span class='ocrx_word' id='word_1_882' title='bbox 2919 5374 2947 5409; x_wconf 89' lang='lat'><strong>,_</strong></span> <span class='ocrx_word' id='word_1_883' title='bbox 2970 5334 3201 5403; x_wconf 84' lang='grc' dir='ltr'><em>δόματα,</em></span> <span class='ocrx_word' id='word_1_884' title='bbox 3230 5334 3446 5409; x_wconf 70' lang='lat' dir='ltr'><strong>egregie</strong></span> <span class='ocrx_word' id='word_1_885' title='bbox 3473 5350 3562 5387; x_wconf 85' lang='lat' dir='ltr'><strong>re-</strong></span> 
     </span>
    </p>
   </div>
   <div class='ocr_carea' id='block_1_119' title="bbox 1988 5403 3405 5481">
    <p class='ocr_par' dir='ltr' id='par_1_119' title="bbox 1988 5403 3405 5481">
     <span class='ocr_line' id='line_1_120' title="bbox 1988 5403 3405 5481; baseline -0.006 -16"><span class='ocrx_word' id='word_1_886' title='bbox 1988 5403 2219 5481; x_wconf 68' lang='lat' dir='ltr'><strong>spondet</strong></span> <span class='ocrx_word' id='word_1_887' title='bbox 2244 5407 2306 5481; x_wconf 69' lang='grc' dir='ltr'><em>τὸ</em></span> <span class='ocrx_word' id='word_1_888' title='bbox 2336 5403 2488 5481; x_wconf 62' lang='grc' dir='ltr'><em>θεῖὸῖ</em></span> <span class='ocrx_word' id='word_1_889' title='bbox 2506 5407 2772 5481; x_wconf 52' lang='grc' dir='ltr'><em>χάρισμα,</em></span> <span class='ocrx_word' id='word_1_890' title='bbox 2804 5404 2949 5475; x_wconf 92' lang='lat' dir='ltr'><strong>quod</strong></span> <span class='ocrx_word' id='word_1_891' title='bbox 2968 5419 3105 5481; x_wconf 83' lang='lat' dir='ltr'><strong>_mox</strong></span> <span class='ocrx_word' id='word_1_892' title='bbox 3120 5403 3405 5481; x_wconf 63' lang='lat' dir='ltr'><strong>sequitur.</strong></span> 
     </span>
    </p>
   </div>
   <div class='ocr_carea' id='block_1_120' title="bbox 2058 5471 3568 5549">
    <p class='ocr_par' dir='ltr' id='par_1_120' title="bbox 2058 5471 3568 5549">
     <span class='ocr_line' id='line_1_121' title="bbox 2058 5471 3568 5549; baseline -0.003 -18"><span class='ocrx_word' id='word_1_893' title='bbox 2058 5478 2169 5549; x_wconf 84' lang='lat'>(79)</span> <span class='ocrx_word' id='word_1_894' title='bbox 2208 5471 2555 5549; x_wconf 62' lang='grc' dir='ltr'><em>Εῦεορονῴν.</em></span> <span class='ocrx_word' id='word_1_895' title='bbox 2582 5471 3079 5549; x_wconf 47' lang='lat' dir='ltr'><strong>&#39;Similis&#39;estmhasc</strong></span> <span class='ocrx_word' id='word_1_896' title='bbox 3112 5471 3315 5549; x_wconf 68' lang='lat' dir='ltr'><strong>Justini</strong></span> <span class='ocrx_word' id='word_1_897' title='bbox 3342 5488 3568 5549; x_wconf 74' lang='lat' dir='ltr'><strong>respon-</strong></span> 
     </span>
    </p>
   </div>
   <div class='ocr_carea' id='block_1_121' title="bbox 1987 5541 3566 5618">
    <p class='ocr_par' dir='ltr' id='par_1_121' title="bbox 1987 5541 3566 5618">
     <span class='ocr_line' id='line_1_122' title="bbox 1987 5541 3566 5618; baseline -0.004 -16"><span class='ocrx_word' id='word_1_898' title='bbox 1987 5541 2076 5603; x_wconf 79' lang='lat' dir='ltr'><strong>sio</strong></span> <span class='ocrx_word' id='word_1_899' title='bbox 2124 5541 2543 5618; x_wconf 54' lang='lat' dir='ltr'><strong>plurib&#39;usaliis</strong></span> <span class='ocrx_word' id='word_1_900' title='bbox 2588 5554 2887 5618; x_wconf 73' lang='lat' dir='ltr'><strong>martyrum</strong></span> <span class='ocrx_word' id='word_1_901' title='bbox 2916 5542 3139 5618; x_wconf 61' lang='lat' dir='ltr'><strong>Christo</strong></span> <span class='ocrx_word' id='word_1_902' title='bbox 3175 5541 3566 5618; x_wconf 74' lang='lat' dir='ltr'><strong>c_onlidentiu_t_m</strong></span> 
     </span>
    </p>
   </div>
   <div class='ocr_carea' id='block_1_122' title="bbox 1986 5612 3565 5688">
    <p class='ocr_par' dir='ltr' id='par_1_122' title="bbox 1986 5612 3565 5688">
     <span class='ocr_line' id='line_1_123' title="bbox 1986 5612 3565 5688; baseline -0.006 -15"><span class='ocrx_word' id='word_1_903' title='bbox 1986 5612 2291 5688; x_wconf 75' lang='lat' dir='ltr'><strong>responsis.</strong></span> <span class='ocrx_word' id='word_1_904' title='bbox 2340 5616 2566 5688; x_wconf 84' lang='lat' dir='ltr'><strong>Dicebat</strong></span> <span class='ocrx_word' id='word_1_905' title='bbox 2617 5612 2807 5688; x_wconf 27' lang='lat' dir='ltr'><strong>iudici-</strong></span> <span class='ocrx_word' id='word_1_906' title='bbox 2839 5614 2993 5668; x_wconf 83' lang='lat' dir='ltr'><strong>beata</strong></span> <span class='ocrx_word' id='word_1_907' title='bbox 3028 5612 3401 5688; x_wconf 59' lang='lat' dir='ltr'><strong>Symphorosa</strong></span> <span class='ocrx_word' id='word_1_908' title='bbox 3436 5631 3449 5666; x_wconf 89' lang='lat'><strong>:</strong></span> <span class='ocrx_word' id='word_1_909' title='bbox 3487 5612 3565 5664; x_wconf 80' lang='lat' dir='ltr'><strong>Tu</strong></span> 
     </span>
    </p>
   </div>
   <div class='ocr_carea' id='block_1_123' title="bbox 1986 5683 3569 5756">
    <p class='ocr_par' dir='ltr' id='par_1_123' title="bbox 1986 5683 3569 5756">
     <span class='ocr_line' id='line_1_124' title="bbox 1986 5683 3569 5756; baseline -0.004 -14"><span class='ocrx_word' id='word_1_910' title='bbox 1986 5683 2263 5742; x_wconf 54' lang='lat' dir='ltr'><strong>edistimas</strong></span> <span class='ocrx_word' id='word_1_911' title='bbox 2314 5685 2453 5756; x_wconf 89' lang='lat' dir='ltr'><strong>quod</strong></span> <span class='ocrx_word' id='word_1_912' title='bbox 2501 5683 2688 5756; x_wconf 1' lang='lat' dir='ltr'><strong>possit)</strong></span> <span class='ocrx_word' id='word_1_913' title='bbox 2718 5684 2927 5738; x_wconf 89' lang='lat' dir='ltr'><strong>animus</strong></span> <span class='ocrx_word' id='word_1_914' title='bbox 2980 5700 3124 5756; x_wconf 88' lang='lat' dir='ltr'><strong>meus</strong></span> <span class='ocrx_word' id='word_1_915' title='bbox 3156 5683 3569 5756; x_wconf 44' lang='lat' dir='ltr'><strong>aliquoterrore</strong></span> 
     </span>
    </p>
   </div>
   <div class='ocr_carea' id='block_1_124' title="bbox 1988 5751 3567 5825">
    <p class='ocr_par' dir='ltr' id='par_1_124' title="bbox 1988 5751 3567 5825">
     <span class='ocr_line' id='line_1_125' title="bbox 1988 5751 3567 5825; baseline -0.004 -15"><span class='ocrx_word' id='word_1_916' title='bbox 1988 5759 2209 5818; x_wconf 86' lang='lat' dir='ltr'><strong>mutari,</strong></span> <span class='ocrx_word' id='word_1_917' title='bbox 2242 5751 2359 5809; x_wconf 81' lang='lat' dir='ltr'><strong>cum</strong></span> <span class='ocrx_word' id='word_1_918' title='bbox 2407 5751 2511 5825; x_wconf 79' lang='lat' dir='ltr'><strong>ego</strong></span> <span class='ocrx_word' id='word_1_919' title='bbox 2541 5754 2833 5809; x_wconf 86' lang='lat' dir='ltr'><strong>desiderem</strong></span> <span class='ocrx_word' id='word_1_920' title='bbox 2872 5770 2991 5825; x_wconf 83' lang='lat' dir='ltr'><strong>cum</strong></span> <span class='ocrx_word' id='word_1_921' title='bbox 3020 5755 3143 5825; x_wconf 1' lang='lat' dir='ltr'><strong>(uiro</strong></span> <span class='ocrx_word' id='word_1_922' title='bbox 3176 5769 3289 5825; x_wconf 83' lang='lat' dir='ltr'><strong>meo</strong></span> <span class='ocrx_word' id='word_1_923' title='bbox 3335 5751 3567 5825; x_wconf 84' lang='lat' dir='ltr'><strong>Getulio,</strong></span> 
     </span>
    </p>
   </div>
   <div class='ocr_carea' id='block_1_125' title="bbox 1988 5823 3563 5897">
    <p class='ocr_par' dir='ltr' id='par_1_125' title="bbox 1988 5823 3563 5897">
     <span class='ocr_line' id='line_1_126' title="bbox 1988 5823 3563 5897; baseline -0.002 -17"><span class='ocrx_word' id='word_1_924' title='bbox 1988 5844 2136 5897; x_wconf 86' lang='lat' dir='ltr'><strong>quem</strong></span> <span class='ocrx_word' id='word_1_925' title='bbox 2155 5842 2250 5895; x_wconf 82' lang='lat' dir='ltr'><strong>pro</strong></span> <span class='ocrx_word' id='word_1_926' title='bbox 2271 5823 2469 5882; x_wconf 81' lang='lat' dir='ltr'><strong>Christi</strong></span> <span class='ocrx_word' id='word_1_927' title='bbox 2491 5827 2699 5882; x_wconf 87' lang='lat' dir='ltr'><strong>nomine</strong></span> <span class='ocrx_word' id='word_1_928' title='bbox 2721 5824 3047 5894; x_wconf 77' lang='lat' dir='ltr'><strong>interfecisti,</strong></span> <span class='ocrx_word' id='word_1_929' title='bbox 3072 5823 3419 5894; x_wconf 78' lang='lat' dir='ltr'><strong>requiescere;</strong></span> <span class='ocrx_word' id='word_1_930' title='bbox 3444 5823 3563 5877; x_wconf 81' lang='lat' dir='ltr'><strong>Act.</strong></span> 
     </span>
    </p>
   </div>
  </div>
