3974 6256
351 411 488 469 {573

1559 410 1616 465 S.
1658 405 1922 465 JUSTINI
1967 405 2411 463 FRAGMENTA.

3494 413 3634 469 1575

342 534 405 587 τδ
435 533 561 604 περί
590 530 755 583 αὑτοῦ
789 532 850 584 οὐ
882 532 1159 603 φορτικόν.
1194 533 1330 584 Κατ’
1361 531 1607 594 ὲξουσίαν
1640 530 1749 602 γάρ
1779 529 1917 600 φερό

2042 527 2240 582 merito
2282 543 2381 583 nec
2425 527 2923 583 demonstrationes
2956 542 3169 591 eorum,
3200 542 3323 598 qua:
3352 528 3635 595 dicuntur,

345 643 523 697 μενος,
560 625 785 687 εἰκότως
829 624 949 677 οὐδὲ
993 624 1093 687 τὰς
1134 623 1434 687 ἀποδείξεις
1478 622 1588 675 τῶν
1630 623 1937 693 λεγομένων

338 715 690 770 ἀπαιτεῖσθαι
724 715 895 769 θέλει·
929 716 1012 768 ὅτι
1046 714 1180 787 μηδέ
1213 717 1349 768 εἰσιν
1379 715 1534 769 ἄλλαι
1564 714 1740 787 πάρεξ
1766 715 1937 784 αὐτῆς

338 808 438 880 τῆς
469 807 906 878 ἀληθείας,δπερ
936 807 1083 860 ἐστὶν
1111 809 1140 861 6
1167 806 1317 870 Θεός.
1338 808 1495 860 Πᾶσα
1525 807 1635 879 γὰρ
1664 806 1936 871 ἀπόδειξις

342 900 669 971 ἰσχυροτέρα
713 900 807 952 καὶ
848 898 1144 970 πιστοτέρα
1181 897 1276 951 τοῦ
1319 898 1776 971 ἀποδεικνυμένου
1806 916 1936 967 τυγ-

338 992 529 1061 χάνει’
582 992 696 1059 εῐγε
737 991 799 1043 τὺ
848 990 1114 1062 πρότερον
1141 989 1556 1060 ’ἀπιστούμενον
1613 991 1779 1063 πρινὴ
1834 991 1933 1061 τὴν

335 1083 611 1147 ἀπόδειξιν
641 1081 836 1146 ἐλθεῖν,
857 1083 1062 1152 ταύτης
1095 1080 1469 1153 κομισθείσης,
1490 1080 1647 1152 ἔτυχε
1676 1082 1931 1146 πίστεως,

337 1175 430 1226 καὶ
461 1174 704 1227 τοιοῦτον
733 1174 928 1244 ἐφάνη,
956 1174 1141 1226 ὁποῖον
1179 1173 1415 1241 ἐλέγετο.
1449 1173 1561 1244 Τῆς
1590 1172 1645 1225 δὲ
1673 1172 1932 1242 ἀληθείας

338 1266 682 1337 ἰσχυρότερον
703 1266 854 1319 οὐδὲν
882 1266 1001 1319 οὐδὲ
1037 1266 1356 1337 πιστότερον
1376 1282 1387 1295 ·
1414 1264 1553 1327 ῶστε
1582 1266 1613 1317 6
1645 1266 1773 1337 περὶ
1802 1265 1934 1318 ταύ-

333 1373 433 1428 της
462 1357 735 1422 ἀπόδειξιν
766 1357 933 1411 αἰτῶν
960 1358 1147 1428 ὅμοιός
1164 1358 1282 1410 ἐστι
1301 1356 1379 1428 τῷ
1399 1356 1468 1409 τά
1487 1356 1785 1427 φαινόμενα
1812 1360 1933 1420 ταῖς

333 1449 619 1519 αἰσθήσεσι
652 1449 832 1517 λόγοις
861 1448 1070 1501 θέλοντι
1098 1448 1539 1510 ἀποδείκνυσθαι,
1570 1448 1703 1500 διότι
1746 1448 1933 1517 φαίνε-

331 1558 443 1593 ται.
476 1540 596 1593 Τῶν
623 1540 736 1612 γάρ
766 1540 855 1594 διά
880 1540 975 1594 τοῦ
1008 1541 1168 1609 λόγου
1199 1541 1629 1611 λαμϐανομένων
1653 1538 1765 1611 (81)
1810 1557 1931 1611 κρι-

331 1632 521 1703 τήριόν
555 1634 705 1686 ἐστιν
735 1634 769 1703 ἡ
799 1632 1077 1704 αἴσθησις
1114 1633 1284 1704 αὐτῆς
1303 1633 1359 1686 δὲ
1375 1634 1657 1703 κριτήριον
1685 1633 1785 1685 οὐκ
1813 1631 1927 1684 ἔστι

332 1724 473 1795 πλὴν
503 1725 915 1797 αὐτῆς.Ὥσπερ
946 1721 1039 1779 οὖν
1069 1724 1139 1779 τὰ
1166 1725 1253 1779 διὰ
1292 1724 1387 1778 τοῦ
1419 1726 1578 1793 λόγου
1609 1723 1925 1795 θηρώμενα,

330 1816 637 1884 ἀπάγοντες
667 1818 760 1870 ἐπὶ
804 1818 904 1890 τὴν
935 1817 1213 1889 αἴσθησιν,
1244 1816 1416 1891 ταύτῃ
1460 1818 1719 1889 κρίνομεν
1764 1816 1927 1869 ὁποῖά

332 1926 461 1961 ποτε
504 1909 633 1962 ὅντα
680 1912 958 1981 τυγχάνει,
994 1913 1103 1964 εἴτε
1150 1913 1244 1964 καὶ
1273 1910 1446 1982 άληθὴ
1478 1911 1587 1964 εῐτε
1632 1911 1726 1963 καὶ
1755 1909 1923 1981 ψευδῆ

328 1999 397 2052 τὰ
425 2000 714 2071 λεγόμενα,
747 2003 847 2055 ούκ
878 2002 957 2055 ἔτι
995 2003 1051 2055 δὲ
1082 2004 1341 2074 κρίνομεν
1372 2003 1715 2066 πιστεύοντες
1746 2005 1885 2075 αὐτῇ
1907 2022 1920 2035 ·

327 2090 471 2143 οὕτω
488 2093 581 2145 καὶ
601 2094 726 2155 τοὺς
745 2094 1121 2165 ἀνθρωπίνους
1157 2097 1251 2148 καὶ
1272 2097 1570 2165 κοσμικοὺς
1601 2096 1712 2166 (82)
1733 2096 1923 2165 λόγους

327 2184 726 2255 ἀναπέμπομεν
760 2186 853 2238 ὲπὶ
883 2186 981 2256 τὴν
1011 2186 1290 2256 ἀλήθειαν,
1315 2187 1409 2239 καὶ
1438 2187 1610 2258 ταύτῃ
1640 2188 1920 2258 κρίνομεν,

327 2275 436 2328 εἴτε
468 2276 663 2345 φαῦλοι
698 2277 807 2330 εἴτε
844 2278 938 2331 καὶ
987 2278 1060 2350 μὴ
1109 2280 1466 2349 τυγχάνουσιν
1492 2279 1663 2343 ὄντες.
1697 2281 1837 2343 Τοὺς
1865 2280 1922 2333 δὲ

324 2368 424 2437 τῆς
456 2367 711 2438 ἀληθείας
741 2370 916 2422 ούδενὶ
949 2371 1205 2442 κρίνομεν
1235 2372 1428 2442 ἑτέρῳ,
1453 2371 1797 2435 πιστεύοντες
1825 2373 1923 2424 αύ-

323 2460 410 2529 τῇ.
435 2460 591 2512 Ἔστι
636 2459 692 2512 δὲ
740 2460 966 2531 ἀλήθεια
998 2465 1026 2515 6
1056 2461 1187 2525 Θεὸς
1216 2465 1244 2515 6
1277 2463 1469 2533 Πατὴρ
1510 2462 1618 2515 τῶν
1661 2462 1819 2525 ὅλων,
1862 2463 1921 2526 ὃς

324 2552 442 2603 ἐστι
486 2552 611 2615 νοῦς
652 2554 856 2617 τέλειος
881 2554 1013 2625 (85).
1048 2548 1123 2608 Οὗ
1158 2556 1449 2626 γενόμενος
1485 2556 1614 2619 Υἱὸς
1659 2558 1687 2609 6
1724 2556 1917 2625 Λόγος,

320 2639 486 2714 ἦλθεν
528 2648 608 2708 εἰς
642 2648 809 2716 ἡμᾶς,
846 2646 1023 2718 σάρκα
1058 2647 1317 2718 φορέσας,
1359 2647 1549 2699 ἑαυτόν
1578 2647 1652 2716 ξτε
1690 2647 1783 2700 καὶ
1826 2647 1917 2700 τὸν

324 2736 546 2807 Πατέρα
571 2738 810 2807 μηνύων,
825 2738 1002 2802 διδοὺς
1033 2742 1166 2809 ἡμῖν
1197 2740 1256 2792 ἐν
1285 2738 1462 2809 ἐαυτῷ
1490 2739 1590 2810 τὴν
1618 2740 1683 2792 ὲκ
1710 2740 1917 2811 νεκρῶν

320 2828 641 2892 ἀνάστασιν,
676 2830 770 2882 καὶ
807 2831 904 2901 τὴν
956 2831 1094 2901 μετά
1121 2829 1297 2885 ταῦτα
1326 2830 1471 2900 ζωὴν
1501 2831 1737 2882 αἰώνιον.
1762 2832 1917 2883 Ἔστι

319 2921 377 2973 δὲ
408 2914 568 2985 οὗτος
609 2922 815 2993 Ἰησοῦς
848 2922 1082 2994 Χριστὸς
1114 2924 1143 2975 6
1174 2922 1365 2993 Σωτὴρ
1395 2921 1552 2991 ἡμῶν
1583 2924 1677 2975 καὶ
1714 2924 1917 2975 Δεσπό-

319 3030 439 3083 της.
464 3008 634 3078 Οὗτος
662 3016 844 3068 τοίνυν
875 3016 1038 3079 αὑτός
1069 3017 1218 3069 ἐστιν
1240 3014 1435 3067 ἑαυτοῦ
1454 3031 1514 3067 τε
1540 3015 1760 3067 καὶτῶν
1780 3016 1916 3067 ὅλων

320 3106 580 3158 ἁπάντων
609 3107 793 3170 πίστις
819 3124 879 3159 τε
911 3108 1005 3160 καὶ
1037 3106 1311 3173 ἀπόδειξις
1342 3105 1473 3177 (84).
1502 3106 1699 3177 Διόπερ
1724 3106 1775 3159 οἰ
1803 3106 1919 3158 τού-

2042 622 2265 689 exposci
2292 622 2429 684 vult,
2464 636 2591 675 cum
2619 636 2800 690 neque
2849 622 2970 675 alia:
3000 621 3111 675 sint
3140 629 3294 676 extra
3322 622 3632 689 veritatem,

2040 728 2162 781 quae
2194 712 2335 769 Deus
2368 721 2473 768 est.
2503 712 2695 769 Omnis
2726 714 2872 768 enim
2902 713 3298 769 demonstratio
3330 713 3525 769 fortior
3553 720 3636 769 est

2039 812 2095 860 et
2126 804 2229 860 ﬁde
2259 803 2478 874 dignior
2510 819 2576 857 eo
2607 804 2754 874 quod
2786 805 3197 859 demonstratur
3229 822 3242 858 :
3275 805 3546 875 siquidem
3580 806 3634 860 id

2039 896 2187 965 quod
2219 911 2326 949 non
2351 896 2698 960 credebatur,
2725 901 3018 965 antequam
3050 896 3261 951 subiret
3289 897 3637 953 demonstra-

2037 988 2137 1051 tio,
2173 1002 2234 1042 ea
2264 987 2375 1057 jam
2411 987 2676 1057 producta
2705 988 2866 1042 ﬁdem
2896 989 3213 1058 assequitur
3244 996 3298 1044 et
3330 990 3435 1044 tale
3465 1004 3635 1061 appa-

2037 1087 2143 1146 ret,
2177 1082 2340 1150 quale
2368 1080 2673 1136 dicebatur.
2706 1082 2775 1134 At
2814 1082 3043 1137 veritate
3072 1082 3208 1136 nihil
3241 1081 3457 1146 fortius,
3489 1084 3629 1137 nihil

2039 1170 2143 1224 ﬁde
2182 1170 2405 1240 dignius
2436 1189 2450 1223 :
2488 1169 2625 1224 adeo
2662 1180 2721 1224 ut
2750 1172 2795 1225 si
2827 1172 2952 1241 quis
2986 1171 3050 1226 de
3080 1174 3169 1227 illa
3201 1172 3629 1229 demonstratio-

2037 1280 2159 1319 nem
2196 1272 2480 1334 exposcat,
2513 1264 2710 1319 similis
2752 1266 2823 1319 sit
2853 1266 3176 1334 postulanti,
3210 1274 3269 1318 ut
3297 1281 3418 1335 qua:
3449 1268 3629 1321 sensi-

2034 1360 2139 1414 bus
2168 1369 2452 1430 apparent,
2484 1376 2549 1414 ea
2579 1360 2889 1415 rationibus
2911 1360 3317 1415 demonstretur
3339 1375 3624 1431 apparere.

2034 1451 2168 1505 Nam
2228 1467 2442 1517 eorum,
2488 1469 2610 1522 qua:
2666 1454 2881 1507 ratione
2935 1453 3447 1523 apprehenduntur,
3474 1454 3627 1523 judi—

2034 1547 2180 1601 cium
2200 1562 2370 1616 penes
2390 1562 2613 1602 sensum
2630 1556 2716 1603 est
2739 1570 2749 1603 :
2778 1548 2954 1617 ipsius
2977 1558 3157 1602 autem
3188 1563 3407 1611 sensus,
3428 1559 3625 1617 prazter

2034 1638 2236 1708 ipsum,
2257 1639 2405 1693 aliud
2425 1655 2533 1694 non
2556 1648 2661 1695 est.
2693 1638 3165 1706 Quemadmodum
3199 1641 3366 1711 igitur
3394 1657 3480 1705 ea,
3502 1658 3624 1711 qua:

2031 1732 2415 1786 ratiocinando
2453 1734 2631 1787 venati
2667 1750 2881 1797 sumus,
2919 1734 2985 1787 ad
3016 1750 3238 1788 sensqu
3263 1734 3621 1799 adducentes,

2030 1837 2095 1875 ex
2127 1823 2245 1892 ipso
2280 1840 2447 1879 sensu
2490 1825 2805 1894 judicamus
2848 1827 3031 1896 qualia
3077 1826 3297 1880 tandem
3347 1827 3437 1879 illa
3488 1826 3619 1890 sint,

2031 1928 2210 1972 utrum
2247 1934 2373 1974 vera
2403 1935 2471 1973 an
2502 1918 2640 1973 falsa
2665 1919 2776 1973 sint
2804 1935 2866 1973 ea
2897 1934 3019 1989 quat
3048 1918 3327 1981 dicuntur,
3358 1934 3459 1973 nec
3490 1934 3622 1973 vero

2028 2012 2171 2065 ultra
2216 2012 2553 2082 judieamus,
2605 2012 2701 2066 sed
2755 2011 2912 2065 ﬁdem
2966 2011 3153 2067 sensui
3204 2011 3470 2067 habemus
3503 2030 3516 2065 :
3546 2012 3621 2065 ita

2028 2105 2299 2161 humanos
2344 2106 2763 2176 mundanosque
2797 2120 3077 2161 sermones
3111 2106 3178 2159 ad
3212 2106 3496 2160 veritatem
3533 2121 3609 2159 re-

2026 2198 2316 2261 mittimus,
2350 2214 2448 2268 per
2495 2214 2660 2268 quam
2705 2199 2907 2251 malinc
2946 2199 3074 2263 sint,
3107 2213 3311 2261 annon,
3348 2197 3619 2252 discerni-

2024 2307 2167 2346 mus.
2204 2290 2274 2344 At
2304 2308 2434 2346 vero
2466 2307 2751 2347 sermones
2781 2293 3029 2346 veritatis
3068 2292 3216 2344 nulla
3247 2306 3305 2345 re
3335 2291 3440 2345 alia
3469 2290 3617 2360 judi-

2023 2397 2237 2447 camus,
2272 2385 2366 2437 sed
2418 2385 2466 2438 ei
2516 2384 2675 2438 ﬁdem
2726 2384 3013 2438 habemus.
3052 2382 3148 2438 Est
3186 2391 3368 2437 autem
3413 2383 3616 2439 veritas

2023 2473 2169 2530 Deus
2219 2475 2604 2530 universorum
2656 2475 2963 2545 Pater,qu
3006 2483 3091 2531 est
3140 2490 3296 2531 mens
3350 2475 3613 2546 perfecta.

2022 2563 2194 2635 Cujus
2224 2566 2416 2631 Filius,
2448 2583 2574 2623 cum
2618 2578 2765 2623 esset
2802 2566 3066 2630 Verbum,
3095 2568 3162 2622 ad
3197 2583 3298 2623 nos
3327 2566 3616 2621 descendit

2022 2672 2244 2712 carnem
2271 2668 2515 2730 gestans,
2548 2676 2716 2730 seque
2750 2661 2929 2730 ipsum
2960 2671 3013 2716 et
3042 2659 3261 2714 Patrem
3292 2659 3612 2721 ostendens,

2021 2752 2268 2822 datisque
2301 2755 2458 2807 nobis
2493 2755 2546 2807 in
2582 2754 2762 2822 seipso
2795 2753 3255 2807 resurrectionem
3284 2768 3349 2806 ex
3380 2752 3615 2806 mortuis

2020 2855 2073 2898 et
2123 2846 2356 2914 posthac
2399 2847 2570 2899 vitam
2620 2856 2903 2900 aeternam.
2939 2845 3038 2899 Hic
3085 2857 3265 2899 autem
3322 2852 3406 2899 est
3448 2842 3614 2899 Jesus

2020 2935 2298 3001 Christus,
2348 2936 2601 2991 Salvator
2645 2946 2834 2991 noster
2860 2946 2913 2993 ct
2942 2937 3208 2991 Dominus
3241 2956 3253 2990 :
3286 2951 3349 2989 ac
3382 2936 3610 3005 proinde

2019 3026 2160 3081 idem
2190 3039 2242 3082 et
2273 3030 2357 3083 sui
2391 3029 2565 3098 ipsius
2593 3040 2647 3084 et
2672 3038 2996 3083 cunctorum
3030 3030 3163 3084 ﬁdes
3186 3036 3270 3084 est
3297 3037 3349 3084 et
3380 3031 3609 3083 demon-

2020 3120 2234 3173 stratio.
2286 3120 2556 3187 Quocirca
2616 3123 2709 3191 qui
2769 3123 2920 3175 illum
2981 3130 3289 3190 sequuntur
3338 3136 3402 3175 ac
3455 3122 3607 3175 illum

318 3214 397 3267 τῳ
427 3198 975 3263 κατακολουθοῦντες,
1007 3201 1227 3268 γνόντες
1269 3200 1453 3262 αὐτὸν,
1488 3198 1585 3268 τὴν
1627 3200 1709 3261 εἰς
1750 3198 1914 3251 αὐτὸν

2025 3219 2379 3277 cognoscunt,
2418 3210 2572 3264 ﬁdem
2606 3213 2658 3265 in
2693 3227 2840 3275 cum,
2869 3220 3130 3281 tanquam
3182 3213 3607 3267 demonstratio-

326 3292 507 3344 πίστιν
536 3293 611 3355 ὡς
636 3291 906 3356 ἀπόδειξιν
940 3292 1174 3363 ἔχοντες,
1204 3290 1609 3345 ἀναπαύσονται
1653 3291 1710 3341 ἐν
1739 3288 1908 3359 αὐτῷ.

331 3382 550 3454 Ἐπειδὴ
578 3382 635 3435 δὲ
666 3383 894 3446 πολλοὺς
921 3386 948 3436 6
977 3383 1349 3453 ἀντικείμενος
1376 3380 1626 3451 πολεμῶν
1654 3382 1716 3433 οὐ
1748 3380 1917 3433 παύε-

324 3488 431 3537 ται,
461 3474 685 3538 πολλαῖς
713 3475 769 3528 δὲ
798 3476 892 3528 καὶ
923 3476 1196 3538 ποικίλαις
1221 3474 1331 3545 (85)
1366 3472 1605 3545 μεθόδοις
1633 3472 1768 3543 πρὸς
1797 3473 1916 3525 ἐπι-

313 3566 517 3638 ϐουλὴν
561 3568 783 3639 χρῆται,
829 3568 967 3639 πρὸς
1022 3569 1119 3638 μὲν
1158 3567 1285 3629 τοὺς
1333 3566 1785 3629 πεπιστευκότας,
1827 3565 1915 3619 ἵνα

314 3658 545 3722 τούτους
573 3660 671 3731 τῆς
704 3661 938 3722 πίστεως
966 3658 1252 3728 ἀπαγάγῃ,
1270 3658 1408 3728 πρὸς
1434 3657 1631 3720 δὲτοὺς
1650 3658 1913 3720 ἀπίστους

317 3750 423 3814 ἔτι,
460 3751 546 3803 ἵνα
578 3752 652 3823 μὴ
684 3745 1050 3804 πιστεύσωσιν
1071 3768 1083 3780 ·
1118 3753 1415 3819 ἀναγκαῖον
1445 3745 1585 3802 εἷναί
1631 3766 1719 3818 μοι
1744 3748 1909 3810 δοκεῖ,

316 3844 414 3896 καὶ
443 3845 612 3914 ἡμᾶς,
646 3844 1127 3914 καθωπλισμένους
1167 3847 1279 3906 τοῖς
1322 3843 1420 3913 τῆς
1463 3842 1699 3904 πίστεως
1736 3840 1913 3908 λόγοις

316 3936 584 4007 ἀτρώτοις
636 3934 808 4002 οὖσιν,
842 3937 1222 4007 ἀντιπολεμεῖν
1259 3935 1410 4006 αὐτῷ
1450 3934 1539 3987 διὰ
1587 3934 1714 3996 τοὺς
1746 3931 1910 3987 ἀσθε-

318 4030 448 4089 νείς.

394 4118 630 4174 ΙΙ.Φασ“ιν
645 4123 693 4175 οἱ
712 4121 780 4175 τά
798 4122 1017 4194 χείρονα
1032 4121 1304 4189 λέγοντες,
1323 4120 1422 4172 οὐκ
1435 4114 1572 4171 εἶναι
1594 4118 1694 4188 τῆς
1709 4118 1912 4191 σαρκὸς

317 4210 646 4265 ἀνάστασιν
679 4212 940 4266 ἀδύνατον
982 4212 1091 4284 γὰρ
1124 4207 1264 4264 εἶναι
1299 4211 1397 4281 τὴν
1425 4208 1784 4279 φθειρομένην
1816 4209 1911 4261 καὶ

317 4301 693 4376 διαλυομένην,
732 4305 936 4375 ταύτην
986 4302 1317 4373 συναχθῆναι
1362 4303 1441 4364 εἰς
1478 4300 1539 4353 τὸ
1584 4299 1733 4353 αὑτό.
1766 4300 1911 4370 Πρὸς

318 4394 427 4465 γάρ
456 4396 517 4448 τὸ
543 4397 802 4450 ἀδύνατον
833 4398 926 4450 καὶ
956 4394 1271 4466 ἀσύμφορόν
1314 4409 1477 4462 φασιν
1520 4391 1785 4463 ὑπάρχειν
1811 4390 1909 4463 τὴν

316 4486 524 4558 ταύτης
558 4489 852 4559 σωτηρίαν,
883 4488 977 4541 καὶ
1001 4488 1316 4551 κακίζουσιν
1353 4484 1544 4555 αὐτὴν,
1577 4484 1647 4537 τὰ
1676 4483 1909 4537 ἐλαττώ-

321 4597 469 4649 ματα
498 4582 884 4652 προφέροντες,
921 4581 1015 4633 καὶ
1037 4579 1207 4650 αὐτὴν
1241 4578 1408 4649 μόνην
1435 4576 1544 4628 τῶν
1576 4574 1909 4646 ἁμαρτημά-

316 4688 426 4722 των
456 4672 636 4725 αἱτίαν
670 4672 1085 4739 ἀποφαίνονται,
1104 4670 1265 4731 ὥστε,
1286 4670 1333 4721 εἰ
1366 4666 1569 4739 μέλλει,
1592 4666 1745 4735 φασὶ,
1770 4664 1905 4735 σὰρξ

316 4759 661 4825 ἀνίστασθαι,
681 4760 774 4813 καὶ
800 4760 870 4813 τὰ
898 4758 1255 4829 ἐλαττώματα
1284 4757 1763 4827 συναναστήσεται.
1796 4753 1906 4807 Καὶ

394 4940 505 5010 (8i)
553 4941 675 5015 Τῶν
720 4941 832 5015 γὰρ
881 4941 979 5015 διὰ
1030 4940 1155 5015 τοῦΔ
1188 4941 1375 5008 λόγου
1420 4939 1902 5015 λαμϐᾳνομενωτ.

319 5004 604 5080 Ejusmodi
656 5004 900 5068 rationes
930 5011 1205 5080 intelligit,
1238 5004 1360 5079 quae
1392 5016 1448 5061 ut
1478 5004 1642 5077 paulo
1667 5013 1795 5058 ante
1822 5004 1906 5058 di-

318 5082 500 5144 cebat,
528 5098 594 5155 eo
623 5090 897 5151 spectant.
930 5091 1127 5155 utAqua:
1147 5080 1692 5155 sensibus__apparen_t,
1716 5092 1779 5155 eq
1811 5090 1908 5155 ap-

315 5165 504 5218 parere
542 5147 951 5206 demonstretur.
984 5147 1117 5216 Qua:
1147 5149 1419 5221 ejusmodi
1466 5147 1907 5200 ratiocinationi-

318 5222 424 5275 bus
455 5237 739 5283 venamur,
773 5237 837 5276 ea
877 5222 1076 5277 merito
1129 5223 1195 5275 ad
1248 5221 1425 5283 ipsum
1476 5232 1698 5271 sensum
1749 5229 1907 5268 revo-

317 5291 495 5361 canda
525 5299 579 5345 et
604 5309 668 5346 ex
704 5293 822 5361 ipso
851 5291 1223 5361 dijudicanda.
1259 5284 1611 5342 Emendanda
1641 5300 1773 5355 ergo
1804 5284 1906 5337 fuit

320 5360 436 5414 haec
470 5361 611 5415 Billii
645 5360 1025 5427 interpretatio
1056 5380 1068 5415 :
1108 5360 1328 5419 Eorum,
1352 5374 1471 5427 qua:
1511 5374 1603 5426 per
1643 5370 1907 5427 rumorem

318 5432 676 5501 accipiuntur,
702 5424 967 5500 judicium
1000 5448 1154 5501 penes
1185 5424 1397 5484 sensum
1429 5424 1542 5490 est;
1574 5435 1807 5501 etmox,
1840 5424 1910 5477 τά

315 5499 406 5553 διά
434 5496 529 5554 τοῦ
564 5496 721 5571 λόγου
749 5496 1062 5573 θηρώμενά,
1095 5518 1177 5555 res
1206 5515 1296 5568 per
1325 5514 1590 5551 rumorem
1622 5496 1907 5564 investiga-

317 5581 423 5627 ωε.

391 5644 509 5714 (82)
548 5643 907 5714 Κοσμικούς.
936 5640 1174 5714 _Telle_r.,
1207 5639 1467 5714 vulgares.
1492 5636 1671 5691 Οττο.

390 5710 508 5784 (85)
551 5713 678 5784 “ac
707 5720 897 5766 contra
924 5711 1217 5784 Gnosticos
1248 5710 1457 5780 prolata
1490 5716 1906 5784 sunt,_qut_nou

319 5776 534 5837 tantum
556 5783 699 5836 Νοῦν
724 5783 1129 5852 distinguebant
1150 5782 1217 5835 ab
1244 5776 1313 5852 eo
1339 5794 1499 5850 quem
1517 5778 1733 5852 Πατέρα
1760 5776 1909 5831 dice-

321 5855 473 5911 bant.
512 5868 699 5910 verum
751 5847 922 5907 etiam
954 5852 1175 5917 Πατέρα
1224 5847 1494 5907 docebant
1534 5847 1736 5901 τέλειον
1764 5862 1905 5915 esse,

2019 3315 2167 3363 mem,
2203 3302 2466 3357 habentes
2512 3303 2567 3357 in
2614 3304 2732 3373 ipso
2761 3306 3143 3374 acquiescunt.
3187 3304 3324 3371 Quia
3356 3321 3484 3360 vero
3512 3307 3607 3360 ad-

2018 3394 2297 3449 versarius
2346 3396 2549 3449 multos
2596 3412 2912 3467 oppugnare
2945 3412 3051 3451 non
3087 3397 3310 3461 desinit,
3343 3412 3405 3451 ac
3438 3399 3609 3467 pluri-

2018 3487 2120 3542 bus
2146 3488 2425 3558 variisque
2454 3488 2670 3543 artibus
2701 3489 2766 3543 ad
2802 3490 3033 3545 insidias
3073 3490 3268 3554 utitur,
3305 3499 3497 3545 contra
3543 3491 3607 3543 ii-

2017 3580 2167 3635 deles
2198 3581 2417 3650 quidem
2452 3589 2507 3634 ut
2540 3596 2635 3636 eos
2667 3596 2695 3633 a
2728 3581 2832 3635 ﬁde
2854 3581 3109 3645 abducat,
3136 3591 3326 3637 contra
3358 3583 3607 3637 inﬁdeles

2016 3682 2221 3736 autem,
2252 3682 2313 3727 ut
2359 3689 2467 3727 non
2505 3673 2760 3739 credant;
2796 3675 3169 3730 necessarium
3202 3676 3335 3729 mihi
3363 3676 3602 3738 videtur,

2016 3771 2076 3817 ut
2103 3772 2155 3817 et
2187 3780 2288 3818 nos
2318 3764 2539 3820 invictis
2576 3765 2697 3820 ﬁdei
2725 3766 3074 3821 sermonibus
3114 3767 3405 3832 obarmati,
3438 3768 3602 3823 vicis-

2016 3854 2118 3911 sim
2156 3856 2255 3921 illi,
2288 3855 2632 3911 inﬁrmorum
2665 3872 2856 3923 causa,
2887 3857 3090 3911 bellum
3124 3857 3444 3913 inferamus.

2084 4117 2146 4174 ll.
2189 4119 2357 4172 Aiunt
2386 4118 2479 4189 qui
2511 4118 2785 4173 deteriora
2817 4118 3164 4188 proﬁtentur,
3197 4136 3305 4175 non
3326 4135 3449 4175 esse
3480 4135 3601 4173 car-

2012 4210 2101 4265 nis
2132 4209 2614 4265 resurrectionem.
2651 4206 2992 4277 impossibile
3024 4209 3170 4263 enim
3203 4223 3348 4271 esse,
3385 4217 3446 4263 ut
3478 4224 3601 4279 qua:

2012 4308 2274 4371 corrupta
2291 4308 2344 4355 et
2363 4301 2672 4353 minutatim
2703 4298 2975 4353 dissoluta
3002 4311 3107 4363 est,
3137 4316 3200 4355 ca
3225 4303 3277 4355 in
3303 4303 3598 4372 pristinum

2012 4401 2213 4449 statum
2243 4393 2587 4448 restituatur.
2614 4392 2802 4464 Neque
2829 4394 2973 4448 enim
3001 4395 3394 4464 impossibilem
3420 4396 3593 4450 solum

2012 4486 2105 4541 sed
2138 4497 2191 4541 et
2221 4486 2470 4541 inutilem
2500 4501 2623 4541 esse
2651 4486 2842 4541 dicunt
2870 4486 2990 4555 ejus
3020 4488 3276 4552 salutem,
3306 4501 3571 4543 accusant

1940 4576 1986 4635 Ι)
2013 4592 2118 4647 que
2149 4576 2320 4640 illam,
2352 4585 2407 4631 et
2449 4577 2571 4647 ejus
2618 4578 2749 4632 vitia
2798 4577 3102 4648 proferunt,
3136 4585 3190 4631 et
3218 4578 3389 4632 solam
3420 4578 3595 4647 ipsam

2009 4677 2359 4736 peccatorum
2412 4684 2535 4724 esse
2588 4685 2810 4725 causam
2859 4670 3243 4739 pronuntiant,
3294 4671 3366 4723 ita
3416 4678 3494 4737 ut,
3547 4673 3594 4726 si

2008 4775 2138 4815 caro
2172 4769 2444 4832 resurgat,
2480 4761 2755 4832 inquiunt,
2782 4762 2957 4833 ipsius
2989 4777 3207 4833 quoque
3236 4763 3368 4816 vitia
3404 4777 3593 4818 resur-

2009 4955 2121 4992 non
2159 4941 2286 4994 item
2306 4938 2466 4992 Νοῦν.
2490 4939 2648 4994 Οττο

2080 5011 2193 5081 (84)
2233 5007 2475 5075 οὗτος...
2521 5008 2847 5074 ἀπόδειξις.
2890 5008 2972 5081 Ad
3022 5009 3308 5078 superiora
3354 5006 3589 5081 alludit;

2007 5079 2223 5135 dixerat
2269 5082 2550 5135 veritatem
2603 5096 2662 5135 se
2711 5081 2883 5149 ipsam
2940 5080 3351 5146 demonstrare,
3401 5079 3593 5148 sicque

2008 5166 2156 5205 nunc
2185 5149 2373 5206 Jesum
2401 5150 2681 5205 Christum
2727 5165 2854 5204 eum
2904 5150 3161 5219 appellat,
3194 5150 3289 5219 qui
3318 5166 3378 5205 se
3407 5150 3587 5218 ipsum

2006 5221 2350 5276 demonstret
2380 5236 2503 5275 eum
2532 5235 2676 5283 esse,
2707 5219 2925 5289 qualem
2954 5235 3012 5275 se
3043 5220 3192 5273 credi
3222 5220 3356 5285 vult,
3389 5222 3591 5289 agendo

2006 5292 2288 5355 nimirum,
2317 5290 2585 5360 patiendo,
2618 5288 2958 5359 resurgendo,
2989 5305 3130 5359 quae,
3162 5304 3286 5342 cum
3336 5290 3394 5343 in
3445 5288 3593 5343 facto

2010 5362 2187 5430 posita
2216 5370 2272 5415 et
2304 5361 2749 5417 testimoniorum
2779 5361 2883 5415 ﬁde
2902 5361 3114 5413 ﬁrmata
3144 5361 3277 5423 sint,
3308 5374 3592 5430 nemque-

2007 5428 2137 5501 garc
2173 5434 2347 5502 possit
2376 5432 2621 5502 adeoque
2652 5431 2885 5502 quisque
2914 5431 3140 5485 credere
3169 5437 3416 5499 cogatur.
3448 5428 3590 5483 Tm.-

2008 5517 2197 5556 LERL’S.

2080 5572 2192 5641 (85)
2231 5572 2341 5626 Καὶ
2370 5572 2685 5638 ποικίλαις.
2728 5571 2897 5630 Grab,
2920 5570 3142 5634 πολλαῖς
3170 5588 3227 5623 τε
3253 5572 3483 5641 πυκναῖς
3505 5588 3587 5624 τε.

2010 5640 2403 5697 Edit.S.Joan.
2434 5642 2682 5697 Damasc.
2709 5642 2930 5704 πολλαῖς
2960 5641 3017 5694 δὲ
3049 5644 3143 5695 καὶ
3174 5659 3244 5694 πυ
3315 5645 3420 5703 αἶς.
3454 5640 3591 5695 Lon-

2008 5728 2075 5783 ge
2103 5714 2296 5767 melior
2326 5714 2693 5783 antiquissimi
2726 5712 3049 5766 Coisliniaui
3097 5713 3393 5783 scriptura,
3426 5727 3590 5783 quem

2011 5782 2079 5837 ad
2111 5783 2275 5840 huius
2304 5782 2556 5853 opusculi
2586 5784 3026 5840 emendationem
3058 5782 3303 5838 adhibui.
