3974 6256
1637 385 2007 442 APPENDIX.
2049 418 2119 428 —
2155 383 2336 438 PARS
2376 384 2440 438 II.
3536 391 3680 444 I576

390 522 607 567 rectura
640 511 803 582 589
831 511 962 564 sint.
997 510 1176 580 Atque
1209 511 1371 565 etiam
1421 511 1552 563 talia
1599 512 1847 579 quiedam
1883 525 1967 564 ne-

2083 509 2434 580 σοφισμάτων
2468 508 2726 562 πλέκουσι
2756 507 2984 561 τοιαῦτα
3005 526 3018 537 ·
3045 509 3109 561 Εί
3141 509 3174 578 ἠ
3199 507 3336 580 σὰρξ
3364 509 3678 570 ἀνίσταται,

387 611 546 657 ctunt
587 602 923 672 supliismata
960 620 972 654 :
1009 599 1067 652 Si
1100 617 1228 654 caro
1259 610 1528 670 resurget,
1560 601 1644 653 vel
1674 601 1884 670 integra
1920 607 1967 654 et

2075 604 2195 672 ἦτοι
2222 601 2333 672 (86)
2363 601 2657 673 ὁλόκληρος
2687 602 3073 672 ἀναστήσεται,
3092 602 3188 654 καὶ
3215 601 3394 654 πάντα
3419 602 3488 654 τά
3513 603 3682 672 μόρια

399 391 534 446 1575

388 695 646 748 oumibns
698 693 969 746 instructa
1020 692 1269 761 partibus
1321 699 1592 761 resurget,
1639 691 1723 745 vel
1773 691 1976 760 imper-

391 785 553 839 fecta.
590 784 695 839 Sed
728 784 774 838 si
803 784 1121 854 imperfecta
1165 788 1235 838 sit
1268 791 1668 844 resurrectura,
1701 782 1755 836 id
1799 783 1978 852 impo-

389 874 614 928 tentiam
651 872 745 927 Dei
772 880 982 944 arguet,
1006 873 1099 942 qui
1127 889 1264 928 unas
1289 873 1509 943 quidem
1542 881 1726 944 partes
1755 888 1978 928 servare

390 964 648 1034 potuerit,
685 965 820 1019 alias
865 980 997 1020 non.
1042 965 1139 1018 Sin
1170 973 1350 1018 autem
1379 965 1634 1019 omnibus
1662 963 1768 1018 erit
1803 965 1978 1033 parti-

388 1058 492 1112 bus
521 1058 792 1111 instructa
816 1097 831 1120 ,
859 1057 965 1112 erit
1004 1065 1058 1110 et
1101 1057 1362 1111 membris
1390 1056 1663 1111 videlicet.
1699 1056 1824 1111 Haec
1854 1063 1979 1126 post

388 1148 850 1203 resurrectionem
907 1146 1090 1200 futura
1121 1148 1305 1201 dicere
1334 1147 1610 1216 quomodo
1642 1162 1751 1199 non
1781 1147 1979 1201 absur-

386 1238 563 1292 dum?
597 1236 735 1292 Cum
775 1236 1030 1290 Salvator
1057 1236 1262 1290 dixerit
1295 1253 1308 1288 :
1345 1233 1526 1305 Neque
1566 1234 1780 1298 nubent,
1818 1250 1980 1305 neque

387 1328 648 1383 nubentur
683 1344 701 1382 :
732 1329 822 1383 sed
859 1337 1013 1382 erunt
1049 1329 1188 1382 sicut
1230 1328 1403 1397 angeli
1436 1329 1489 1380 in
1533 1328 1661 1382 caelo
1681 1328 1745 1380 ".
1786 1326 1979 1398 Angeli

387 1431 592 1487 autem,
643 1423 921 1492 inquiunt,
956 1435 1059 1475 nec
1109 1435 1330 1474 carnem
1384 1420 1605 1482 habent,
1651 1434 1753 1473 nec
1796 1433 1982 1472 come-

386 1513 542 1577 dunt,
573 1518 680 1566 ‘nec
711 1511 1162 1566 commiscentur.
1193 1508 1374 1575 Quare
1423 1524 1523 1563 nec
1566 1510 1752 1564 carnis
1794 1507 1979 1561 futura

385 1612 470 1660 est
505 1604 858 1659 resurrectio.
897 1601 1023 1657 Haec
1051 1603 1218 1672 igitur
1246 1609 1301 1656 et
1331 1601 1532 1656 similia
1563 1601 1853 1656 efferentes
1885 1612 1982 1651 co-

387 1701 590 1749 nantur
627 1693 814 1747 ﬁdeles
847 1699 1178 1761 pervertere.
1210 1689 1350 1744 Sunt
1371 1698 1553 1745 autem
1581 1691 1858 1756 nonnulli,
1878 1693 1976 1762 qui

385 1793 439 1839 et
489 1785 669 1856 ipsum
713 1782 901 1838 .Iesum
956 1783 1149 1836 dicunt
1197 1782 1542 1851 spiritualem
1571 1789 1785 1837 tantum
1816 1785 1982 1840 adve-

2076 691 2296 763 ἐχουσα,
2333 692 2366 763 ἢ
2399 691 2616 762 ἀτελής.
2636 691 2798 744 Ἀλλά
2835 691 2896 744 τὸ
2940 692 3038 762 μὲν
3078 691 3301 762 ἐλλειπῆ
3334 691 3551 762 μέλλειν
3580 691 3683 744 αύ-

2075 783 2175 854 τὴν
2200 781 2524 836 ἀνίστασθαι
2549 782 2855 853 ἀδυναμίαν
2904 783 3161 853 ἐμφαίνει
3197 782 3292 836 τοῦ
3329 782 3490 847 Θεοῦ,
3520 784 3568 836 εί
3611 784 3683 836 τά

2081 876 2179 946 μὲν
2207 868 2444 945 ἠδυνήθη
2475 873 2670 938 σῶσαι,
2700 874 2768 927 τὰ
2806 874 2864 927 δὲ
2903 874 2966 928 οὗ
2991 893 3004 905 ·
3039 878 3087 930 εί
3113 876 3170 929 δὲ
3200 877 3377 931 πάντα
3401 877 3472 931 τά
3507 878 3676 950 μέρη,

2079 968 2174 1020 καὶ
2203 965 2272 1019 τά
2309 965 2474 1037 μόρια
2522 965 2634 1029 ἕξει
2675 966 2938 1038 δηλονότι.
2973 967 3159 1020 Ταῦτα
3195 968 3376 1037 λέγειν
3404 969 3681 1040 ὑπάρχειν

2083 1057 2220 1129 μετά
2259 1058 2358 1128 τὴν
2385 1060 2452 1112 ἐκ
2503 1059 2711 1131 νεκρῶν
2751 1060 3046 1114 ἀνάστασιν
3076 1060 3208 1133 (87),
3241 1061 3358 1124 πῶς
3398 1063 3502 1115 οὐκ
3545 1064 3677 1116 ἄτο-

2078 1167 2180 1204 πον
2208 1149 2342 1222 (88),
2389 1149 2485 1204 τοῦ
2526 1152 2782 1224 Σωτῆρος
2820 1153 3126 1224 εἰρηκότος·
3187 1155 3334 1207 Οὔτε
3375 1156 3679 1224 γαμοῦσιν

2078 1243 2216 1296 οὔτε
2273 1243 2689 1314 γαμίσκονται,
2739 1244 2878 1298 ἀλλ’
2904 1247 3151 1299 ἔσονται
3193 1247 3273 1313 ὡς
3317 1248 3560 1316 ἄγγελοι
3603 1249 3678 1300 ὲν

2076 1332 2159 1396 τῷ
2211 1334 2446 1402 οὐρανῷ
2466 1350 2486 1398 ;
2540 1336 2604 1387 Οί
2667 1335 2726 1388 δὲ
2780 1336 3032 1404 ἄγγελοι,
3078 1339 3271 1407 φασὶν,
3317 1337 3441 1391 οὕτε
3490 1339 3675 1411 σάρκα

2078 1425 2314 1497 ἔχουσιν,
2361 1427 2487 1480 οὕτε
2537 1427 2829 1491 ἐσθίουσιν,
2883 1428 3007 1482 οὔτε
3068 1430 3670 1503 συνουσιάζονται(89)⁸

2078 1519 2216 1572 ὥστε
2257 1519 2378 1572 οὐδὲ
2423 1519 2628 1591 σαρκὸς
2659 1521 2955 1584 ἀνάστασις
2989 1523 3296 1593 γενήσεται.
3330 1522 3521 1577 Ταῦτα
3572 1525 3674 1594 μὲν

2078 1611 2286 1666 οὖνκαὶ
2313 1612 2384 1666 τὰ
2401 1613 2610 1676 τούτοις
2633 1614 2795 1684 ὃμοια
2814 1614 3082 1682 λέγοντες,
3105 1615 3401 1687 πειρῶνται
3418 1616 3674 1688 διαστρέ-

2079 1722 2200 1774 φειν
2239 1707 2364 1769 τοὺς
2392 1705 2500 1759 ἀπὸ
2525 1706 2625 1777 τῆς
2657 1706 2910 1769 πίστεως.
2946 1707 3069 1759 Είσὶ
3097 1707 3154 1760 δέ
3175 1723 3320 1771 τινες
3354 1708 3466 1780 (90)
3495 1710 3544 1762 οῖ
3577 1709 3670 1762 λέ-

2079 1815 2234 1867 γουσι
2302 1799 2398 1852 καὶ
2459 1798 2622 1852 αὐτὸν
2692 1797 2786 1852 τὸν
2824 1798 3029 1870 Ἰησοῦν
3082 1801 3451 1869 πνευματικὸν
3506 1802 3670 1872 μόνον

384 1878 556 1940 uisse,
589 1889 698 1929 non
733 1876 860 1928 item
889 1874 943 1928 in
973 1889 1162 1938 carne,
1195 1873 1292 1928 sed
1324 1874 1562 1942 speciem
1591 1875 1778 1928 carnis
1817 1876 1967 1930 exhi-

2075 1894 2350 1963 παρεῖναι,
2381 1891 2579 1962 μηκέτι
2607 1892 2666 1944 ἐν
2687 1891 2871 1962 σαρκὶ,
2891 1891 3190 1960 φαντασίαν
3216 1891 3272 1944 δὲ
3301 1893 3503 1963 σαρκὸς
3525 1911 3670 1963 παρ-

385 1970 591 2030 buisse,
619 1974 884 2021 conantes
937 1972 991 2020 ct
1042 1967 1145 2035 ipsi
1176 1981 1396 2020 carnem
1427 1965 1790 2035 promissione
1820 1967 1969 2023 frau-

387 2060 536 2112 dare.
573 2056 756 2110 Primo
785 2057 972 2127 igitur,
1000 2066 1053 2110 et
1080 2070 1202 2124 quae
1232 2055 1488 2109 videntur
1510 2054 1643 2125 ipsis
1670 2056 1971 2126 inexplica-

383 2151 537 2215 bilia,
569 2151 947 2214 resolvamus;
981 2159 1094 2203 tum
1146 2150 1217 2202 ita
1260 2147 1520 2218 deinceps
1549 2164 1670 2202 eam
1711 2147 1778 2203 de
1806 2163 1974 2205 came

385 2243 683 2298 inferemus
715 2242 1167 2310 disputationem,
1197 2255 1319 2310 qua:
1365 2240 1541 2310 ipsam
1572 2255 1602 2294 a
1653 2240 1832 2295 salute
1862 2256 1972 2295 non

343 2328 358 2348 ⁸
383 2333 600 2388 excludi
630 2333 992 2387 demonstret.

468 2425 555 2479 Ill.
593 2424 795 2478 Dicunt
827 2427 1030 2496 igitur:
1069 2424 1125 2478 Si
1164 2424 1436 2494 integrum
1467 2439 1669 2495 corpus
1698 2432 1968 2497 resurget,

380 2532 448 2570 ac
497 2517 681 2570 omnia
742 2518 990 2572 membra
1049 2531 1150 2571 sua
1203 2516 1469 2586 recipiet,
1527 2531 1752 2570 necesse
1785 2525 1870 2572 est
1915 2524 1971 2572 et

383 2608 756 2663 membrorum
809 2623 932 2663 esse
987 2606 1334 2672 functiones,
1383 2621 1449 2661 ac
1488 2617 1705 2662 uterum
1746 2606 1971 2677 quidem

382 2701 697 2770 concipere,
731 2708 786 2755 et
822 2700 1059 2771 genitale
1107 2699 1212 2754 viri
1261 2701 1533 2756 seminare
1581 2709 1636 2756 et
1669 2701 1776 2754 alia
1817 2700 1973 2756 simi-

383 2792 528 2846 liter.
555 2791 674 2846 Stet
714 2801 896 2846 autem
928 2791 984 2845 in
1021 2806 1131 2846 uno
1165 2791 1280 2846 lucc
1312 2793 1457 2846 ratio
1487 2808 1780 2864 suspensa.
1820 2793 1973 2849 Illius

380 2883 526 2936 enim
552 2882 929 2940 demonstrata
955 2883 1199 2939 falsitate
1223 2884 1406 2938 omnis
1433 2885 1652 2939 illorum
1689 2886 1834 2940 ratio
1858 2900 1976 2940 cor-

383 2983 525 3029 ruet.
560 2975 637 3028 Ac
683 2976 927 3029 membra
957 2977 1176 3046 quidem
1210 2993 1333 3047 qua:
1379 2985 1698 3048 operantur,
1731 2992 1796 3030 ea
1842 2992 1975 3046 ope-

383 3069 494 3121 rari
519 3083 640 3137 qua:
663 3068 752 3122 hic
782 3069 1052 3136 videmus,
1084 3072 1438 3127 manifestum
1469 3079 1573 3128 est.
1617 3069 1725 3125 Sed
1755 3078 1816 3124 ut
1855 3070 1973 3125 hzec

382 3159 452 3213 ab
493 3160 653 3214 initio
697 3169 967 3231 cogantur
999 3164 1242 3232 operari,
1292 3163 1519 3217 minime
1570 3163 1968 3220 necessarium.

2074 1983 2399 2054 εσχηκέναι·
2451 1983 2784 2055 πειρώμενοι
2839 1983 2933 2036 καὶ
2978 1983 3133 2036 αὐτοὶ
3187 1985 3510 2055 ἀποστερεῖν
3564 1986 3670 2056 τῆς

2072 2077 2407 2145 ἐπαγγελίας
2454 2078 2553 2149 τὴν
2597 2077 2796 2148 σάρκα.
2838 2078 3061 2148 Πρῶτον
3109 2079 3206 2149 μὲν
3249 2078 3316 2132 τά
3361 2080 3452 2131 ὑπ’
3485 2079 3667 2132 αὐτῶν

2070 2170 2332 2224 δοκοῦντα
2373 2171 2554 2241 ἄπορα
2591 2169 2878 2240 φαίνεσθαι
2917 2169 3167 2241 λύσωμεν
3196 2170 3326 2242 (91)·
3358 2167 3457 2224 εἷθ’
3487 2172 3666 2235 οὕτως

2073 2262 2203 2332 ἑξῆς
2235 2262 2508 2334 ἐπάξομεν
2534 2263 2625 2316 τὸν
2651 2262 3040 2316 ἀποδεικνύντα
3064 2263 3219 2332 λόγον
3248 2264 3375 2336 περ).
3402 2265 3504 2335 τῆς
3529 2282 3664 2334 σαρ-

2072 2353 2188 2419 κὸς,
2219 2354 2296 2417 ὡς
2324 2354 2436 2426 ἔχει
2471 2355 2769 2428 σωτηρίαν.

2143 2445 2231 2501 III.
2267 2447 2404 2500 Φασὶ
2440 2447 2650 2502 τοίνυν
2692 2449 2757 2502 Ei
2803 2447 3096 2520 ὀλόκληρον
3137 2447 3246 2518 (92)
3293 2447 3665 2519 ἀναστήσεται

2070 2536 2132 2590 τὸ
2163 2537 2344 2610 σῶμα,
2381 2539 2474 2593 καὶ
2501 2539 2570 2593 τά
2602 2540 2765 2612 μόρια
2791 2540 2955 2594 αὑτοῦ
2986 2539 3161 2593 πάντα
3187 2539 3316 2604 ἕξει,
3347 2540 3561 2611 ἀνάγκη
3607 2540 3664 2592 δὲ

2073 2629 2168 2682 καὶ
2196 2632 2263 2684 τά
2293 2631 2430 2704 ἔργα
2473 2631 2582 2685 τῶν
2615 2632 2817 2705 μορίων
2848 2633 3121 2704 ὑπάρξαι·
3170 2634 3382 2705 μήτραν
3412 2633 3512 2703 μὲν
3541 2633 3664 2684 κυΐ-

2076 2737 2248 2785 σκειν,
2286 2723 2676 2794 σπερματίζειν
2705 2723 2760 2776 δὲ
2805 2723 2992 2794 μόριον
3022 2723 3232 2795 ἀνδρὸς,
3263 2724 3357 2776 καὶ
3392 2722 3462 2775 τά
3497 2722 3666 2776 λοιπά

2073 2812 2131 2866 δὲ
2158 2813 2378 2884 ὁμοίως.
2406 2815 2589 2867 Ἔστω
2615 2814 2672 2868 δὲ
2699 2815 2782 2883 ἐφ’
2804 2816 2922 2878 ἐνὸς
2947 2815 3056 2885 (95)
3085 2808 3240 2878 οὗτος
3265 2818 3293 2868 ὁ
3319 2814 3476 2883 λόγος
3506 2815 3662 2868 ἱστά-

2079 2923 2255 2976 μενος.
2289 2906 2489 2959 Τούτου
2519 2905 2627 2978 γάρ
2665 2906 3122 2976 ἀποδεικνυμένου
3147 2906 3408 2976 ψευδοῦς,
3439 2908 3661 2978 οἰχήσε-

2074 3011 2165 3050 ται
2198 2999 2307 3060 πᾶς
2333 2998 2362 3050 ὁ
2390 2997 2548 3066 λόγος
2588 2991 2785 3050 αὖτῶν.
2827 2996 2902 3050 Τὸ
2933 2996 3032 3067 μὲν
3071 2992 3162 3050 οὖν
3191 2996 3256 3048 τά
3301 2996 3465 3066 μόρια
3506 2997 3663 3066 ἐνερ-

2075 3087 2276 3154 γοῦντα
2298 3086 2474 3139 ταῦτα
2493 3087 2731 3157 ἐνεργεῖν
2759 3085 2902 3157 άπερ
2930 3085 3162 3138 ἐνταῦθα
3183 3084 3449 3154 φαίνεται,
3476 3085 3656 3156 δῆλον·

2075 3178 2136 3231 τὸ
2160 3178 2217 3231 δὲ
2235 3180 2355 3232 κατ’
2376 3179 2620 3248 ἀνάγκης
2640 3177 2779 3231 αὑτά
2799 3177 2940 3231 κατά
2956 3178 3054 3248 τὴν
3081 3177 3256 3248 ἀρχὴν
3285 3179 3526 3247 ἐνεργεῖν
3544 3177 3659 3248 (94)

383 3251 541 3317 Quod
578 3259 636 3305 ut
677 3253 899 3322 planum
938 3252 1051 3318 fiat,
1083 3269 1197 3309 rem
1231 3255 1305 3308 ita
1348 3255 1786 3310 consideremus.
1813 3253 1963 3309 Uteri

2074 3271 2168 3323 οὐκ
2208 3269 2523 3337 ἀναγκαῖον.
2559 3271 2674 3322 Ἵνα
2715 3269 2771 3322 δὲ
2811 3264 3038 3342 σαφὲς
3069 3269 3128 3320 τὸ
3157 3267 3466 3338 λεγόμενον,
3513 3268 3661 3321 οὓτω

382 3359 586 3399 munus
628 3353 712 3400 est
745 3347 1038 3415 concipere
1079 3353 1134 3401 et
1167 3346 1344 3400 virilis
1386 3346 1619 3401 membri
1669 3346 1965 3402 seminare.

381 3434 851 3501 Quemadmodum
883 3447 1063 3493 autem
1095 3439 1200 3494 etsi
1245 3440 1362 3494 haec
1410 3441 1550 3496 tales
1597 3438 1965 3510 perfectiones

382 3529 634 3585 habitura
664 3540 822 3594 sunt,
870 3548 980 3586 non
1027 3533 1234 3587 idcirco
1265 3548 1492 3589 necesse
1518 3541 1601 3590 est
1633 3541 1691 3588 ut
1725 3534 1847 3590 illas
1895 3534 1965 3588 ab

382 3621 539 3676 initio
577 3631 872 3692 operentur
905 3621 1176 3694 (videmus
1205 3625 1350 3679 enim
1387 3625 1648 3680 mulieres
1692 3642 1814 3696 qua:
1849 3641 1962 3682 non

377 3713 728 3782 concipiunt,
778 3718 838 3766 ut
889 3713 1130 3776 steriles,
1176 3713 1428 3782 quamvis
1472 3725 1656 3771 uteros
1683 3716 1962 3784 habeant),

379 3802 452 3856 ita
501 3820 613 3858 non
654 3805 836 3859 statim
872 3805 1246 3860 necessarium
1280 3813 1365 3861 est
1397 3821 1538 3869 eam,
1584 3822 1706 3876 quae
1746 3816 1962 3861 uterum

378 3893 608 3959 habeat,
655 3895 982 3964 concipere;
1028 3895 1122 3950 sed
1153 3904 1210 3950 et
1244 3911 1364 3968 qua:
1403 3897 1630 3951 minime
1679 3897 1750 3952 ab
1801 3897 1964 3951 initio

377 3987 594 4041 steriles
621 3987 994 4057 virginitatem
1020 3988 1330 4051 coluerunt,
1361 3988 1746 4043 abstinuerunt
1769 4003 1800 4042 a
1829 4005 1964 4043 con-

377 4095 603 4148 gressu,
633 4081 753 4134 aliae
780 4095 910 4134 vero
939 4095 969 4134 a
1000 4087 1150 4133 certo
1183 4088 1446 4150 tempore.
1475 4079 1632 4136 Viros
1664 4082 1792 4134 item
1824 4080 1962 4136 alios

376 4171 596 4239 quidem
639 4171 706 4225 ab
738 4171 918 4236 initio,
947 4172 1085 4227 alios
1127 4181 1310 4226 autem
1349 4187 1379 4226 a
1413 4181 1564 4227 certo
1592 4183 1836 4244 tempore
1867 4187 1963 4227 ca-

448 4328 494 4358 ”
516 4326 683 4384 Marc.
714 4346 812 4395 xu,
846 4329 937 4386 25.

412 4481 562 4562 “(86)
603 4484 792 4562 inter.
828 4483 919 4562 Sic
951 4485 1094 4562 idem
1125 4486 1323 4562 codex.
1361 4488 1584 4562 Legitur
1611 4492 1708 4562 ἤτε
1750 4493 1803 4546 in
1839 4493 1964 4562 Spi-

375 4553 575 4622 cilegio
607 4554 828 4616 Grabii,
862 4555 972 4608 εἴτε
1016 4557 1070 4610 in
1115 4558 1406 4614 Paralletis
1438 4553 1500 4616 Β.
1531 4561 1581 4616 «Ι.
1616 4553 1957 4618 Damasceni.

447 4623 560 4694 (87)
599 4623 733 4689 Πῶς
771 4628 882 4678 οὐκ
932 4626 1177 4682 ἄτοπον.
1226 4629 1372 4683 Editi
1407 4633 1500 4685 καὶ
1547 4633 1662 4696 πῶς
1701 4634 1800 4686 οὐκ
1836 4634 1960 4687 ἄτο-

375 4707 495 4744 πον.

451 4762 563 4839 (88_)
605 4762 794 4839 Editor
824 4763 1071 4839 lenensis
1104 4767 1185 4839 sic
1217 4768 1546 4839 distinguit:
1580 4771 1642 4824 Et
1679 4770 1736 4824 δὲ
1776 4772 1956 4825 πάντα

376 4831 444 4884 τὰ
477 4831 617 4904 μέρη
659 4836 754 4888 καὶ
784 4837 853 4888 τά
903 4836 1068 4906 μόρια
1108 4838 1242 4902 ἕξει,
1275 4831 1514 4909 δηλονότι
1555 4841 1731 4894 ταῦτα
1775 4841 1956 4910 λέγειν

379 4903 644 4979 ἐπάρχειν
680 4906 838 4979 μετὰέ
863 4907 962 4979 τὴν
995 4907 1060 4959 ἐκ
1096 4910 1303 4979 νεκρῶν
1345 4911 1663 4974 ἀνάστασιν,
1708 4912 1824 4973 πῶς
1855 4913 1956 4965 οὐκ

438 4931 644 4973 ..υιρχειν
680 4931 815 4974 μετα
863 4931 962 4974 την
995 4931 1060 4959 εκ
1096 4931 1303 4974 νεκρων
1345 4931 1663 4974 αναστασιν,
1708 4931 1824 4973 πως
1855 4931 1914 4964 ου

375 4973 606 5035 ἄτοπον,
659 4973 754 5026 τοῦ
803 4973 1086 5046 Σωτῆρος,
1129 4973 1262 5031 κ.’τ.
1305 4997 1360 5032 α.
1407 4979 1504 5033 Sin
1548 4992 1723 5034 autem
1774 4998 1953 5034 omnes

373 5054 551 5118 partes
580 5053 628 5096 et
661 5046 1134 5118 ntembrafecipiet
1154 5087 1168 5110 ,
1207 5049 1442 5102 videlicet
1472 5049 1582 5103 [uec
1613 5061 1729 5118 post
1776 5068 1955 5104 resur-

378 5114 654 5187 rectionem
683 5114 864 5187 futura
879 5115 1070 5180 dicere,
1095 5121 1354 5187 quomodo
1374 5137 1474 5173 non
1500 5114 1810 5186 absurdum,
1835 5137 1955 5174 cum

377 5182 630 5237 Servator
656 5186 872 5247 dixerit,
901 5194 1010 5238 etc.

449 5252 561 5327 (159)
600 5253 1119 5327 ξυνουσιάζονται.
1151 5256 1334 5311 Codex
1374 5275 1476 5313 ms.
1523 5261 1950 5327 συνουσιάζουσι.

597 5325 733 5400 Εἰσί
765 5322 833 5376 δέ
856 5341 1032 5400 niteo.
1062 5325 1205 5400 lii-diti
1233 5329 1340 5381 είσὶ
1367 5329 1476 5400 γάρ
1505 5347 1670 5395 τινες.

593 5394 901 5468 ᾼςύσῳμεν.
933 5393 1075 5468 Editi
1101 5394 1332 5468 λύσομεν

472 5461 562 5534 92)
605 5463 990 5531 Ὀλόκληρον.
1018 5465 1194 5534 Magni
1228 5461 1485 5536 ponderis
1507 5470 1732 5524 verbum
1765 5472 1822 5523 in
1852 5469 1956 5524 hoc

377 5544 732 5607 argumento,
783 5549 892 5602 quo
936 5543 1044 5589 tam
1091 5537 1159 5589 ad
1208 5538 1520 5607 qualitatem
1581 5541 1952 5594 membrorum

377 5619 543 5671 quam
593 5605 660 5658 ad
700 5620 977 5657 numerum
1021 5605 1229 5660 eorum
1257 5609 1311 5661 in
1357 5611 1760 5664 resurrectione
1809 5609 1955 5662 indi-

378 5673 618 5748 (_:_andum
680 5675 1000 5748 utebantur.
1035 5676 1195 5748 Idem
1244 5675 1498 5734 Justinus
1546 5687 1778 5748 usurpat
1829 5679 1951 5733 adv.

385 5739 732 5818 Tryphonem,
761 5759 814 5818 _c.
839 5745 1249 5818 69,6Mxlqu
1278 5749 1440 5802 αὑτὸν
1489 5739 1788 5818 (ίιοιιιὶιῖεηι
1835 5751 1956 5802 labe

381 5814 630 5883 corporis
673 5816 726 5868 in
759 5814 860 5868 hac
900 5815 1004 5869 vita
1049 5814 1323 5887 alleuunz)
1369 5821 1426 5873 ἐν
1472 5814 1572 5891 τῇ.
1601 5859 1612 5872 .
1636 5861 1648 5873 .
1682 5819 1954 5890 παρουσίᾳ

2067 3361 2432 3432 σκοπήσωμεν
2464 3361 2596 3433 (95).
2638 3362 2868 3432 Μήτρας
2910 3361 3118 3430 ἐστὶνὴ
3159 3360 3408 3431 ἐνέργεια
3440 3359 3553 3429 (96)
3597 3361 3661 3412 τὸ

2068 3454 2348 3515 κυῖσκειν,
2404 3454 2499 3506 καὶ
2571 3453 2759 3525 μορίου
2820 3450 3083 3523 ἀνδρικοῦ
3155 3451 3216 3504 τὸ
3272 3451 3655 3522 σπερμαίνειν.

2069 3541 2278 3614 Ὥσπερ
2304 3543 2384 3607 δὲ,
2415 3545 2464 3596 εί
2495 3542 2669 3596 ταῦτα
2716 3541 2827 3612 (97)
2878 3541 3062 3612 μέλλει
3108 3542 3351 3612 ἐνεργεῖν
3396 3541 3659 3604 τοιαύτας

2063 3632 2365 3704 ἐνεργείας,
2397 3633 2570 3697 οὕτως
2597 3634 2697 3686 οὐκ
2735 3634 3030 3701 ἀναγκαῖον
3059 3634 3242 3695 αὐτοῖς
3283 3633 3433 3685 ἐστιν
3464 3633 3526 3686 τὸ
3555 3637 3658 3704 τὴν

2062 3725 2239 3797 ἀρχὴν
2288 3727 2528 3796 ἐνεργεῖν
2571 3725 2806 3795 (ὁρῶμεν
2853 3724 2983 3791 γοῦν
3026 3723 3226 3786 πολλάς
3267 3727 3538 3791 γυναῖκας
3579 3726 3656 3798 μὴ

2063 3817 2420 3881 κυῖσκούσας,
2459 3819 2534 3880 ὠς
2574 3818 2671 3880 τὰς
2710 3816 2930 3886 στείρας
2969 3817 3060 3869 καὶ
3105 3823 3318 3888 μήτρας
3355 3815 3654 3886 Exodo-agr

2062 3907 2236 3970 οὕτως
2279 3909 2515 3972 εὐθέως,
2562 3910 2656 3962 κα)¹
2684 3911 2744 3962 τὸ
2795 3911 3006 3980 μήτραν
3054 3908 3216 3978 ἔχειν,
3264 3910 3357 3960 καὶ
3405 3909 3658 3960 κυῖσκειν

2061 4000 2381 4068 ἀναγκάζει,
2413 4001 2549 4055 ἀλλὰ
2577 4005 2671 4055 καὶ
2703 4001 2813 4072 (98)
2855 4001 2929 4072 μὴ
2961 4005 3169 4072 στεῖραι
3219 4001 3315 4070 μὲν
3345 4000 3404 4063 ἐξ
3441 4000 3652 4069 ἀρχῆς,

2061 4092 2492 4166 παρθενεύουσαι
2537 4094 2616 4156 δὲ,
2656 4096 3011 4164 κατήργησαν
3060 4096 3153 4147 καὶ
3184 4093 3282 4163 τὴν
3330 4093 3651 4144 συνουσίαν·

2061 4185 2246 4258 ἕτεραι
2273 4187 2331 4240 δέ
2360 4187 2454 4240 καὶ
2478 4187 2587 4240 ἀπὸ
2615 4187 2826 4257 χρόνου.
2860 4189 2973 4241 Καὶ
3000 4188 3128 4251 τοὺς
3160 4188 3396 4258 ἄρρενας
3425 4184 3480 4237 δὲ
3519 4185 3656 4246 τοὺς

2070 4481 2382 4607 ἀναστησει.
2413 4485 2718 4543 Τειιιειιυε.
2748 4490 2834 4544 Cf.
2876 4492 3141 4564 Athenag.
3188 4495 3263 4548 De
3298 4511 3465 4549 resur.
3502 4510 3554 4549 c.
3583 4501 3659 4560 2;

2070 4549 2252 4606 Tertul
2282 4595 2294 4607 .
2335 4555 2406 4607 De
2442 4574 2609 4607 resur-
2639 4575 2785 4607 cam-
2818 4577 2866 4607 α
2905 4563 2992 4607 £3,

2069 4549 2294 4608 Tertull.
2335 4555 2406 4608 De
2442 4574 2610 4614 resur.
2639 4575 2785 4613 carn.
2818 4577 2867 4616 c.
2905 4563 2994 4617 45.

2139 4623 2268 4711 (ᾧ).
2445 4628 2604 4711 ξτνός.
2654 4629 2743 4684 Sic
2771 4631 2912 4685 idem
2946 4649 3048 4688 ms.
3083 4634 3278 4688 melius
3315 4651 3479 4704 quam
3523 4637 3660 4690 editi

1990 4701 2032 4754 ι)
2063 4691 2181 4768 ἀφέῃ
2195 4695 2310 4768 ἐνὸς
2346 4691 2651 4768 ἱστάμενος.

2063 4765 2554 4886 ωδεὲῖιέἒπερᾊ..
2585 4769 2870 4840 ἐνεργεῖν.
2907 4770 3033 4827 Haec
3070 4774 3252 4827 omnia
3284 4776 3660 4844 suppeditavit

2206 4850 2235 4886 Χ
2269 4851 2370 4889 IIIS.

2279 4907 2708 4982 ξκρπῄσωμειί.
2743 4909 2844 4966 Ms.
2876 4913 3246 4982 σκοπήσομεν.

2136 4973 2248 5042 (96)
2279 4976 2338 5028 Ἠ
2360 4973 2626 5045 mmsis:
2669 4979 2826 5034 Deest
2851 4973 3193 5036 artirulus'in
3222 4984 3408 5034 eodem
3441 4985 3654 5038 codice.

2129 5050 2242 5119 (97)
2276 5050 2346 5101 Et
2373 5048 2576 5119 ταῦτα.
2606 5046 2748 5119 Editi
2779 5048 2858 5119 εἰς
2886 5048 3087 5119 ταῦτα,
3108 5049 3254 5116 quod
3285 5047 3509 5119 quidem
3535 5047 3643 5119 toti

2056 5115 2185 5174 huic
2218 5115 2338 5171 loco
2381 5118 2636 5173 tenebras
2675 5118 3015 5171 offundebat.
3045 5115 3167 5171 Mo’x
3206 5115 3348 5185 apud
3378 5115 3644 5170 Grabium

2058 5191 2274 5260 ὁρῶμεν
2297 5187 2426 5310 γάρ,
2451 5189 2597 5257 quod
2623 5188 2754 5241 mihi
2778 5188 2952 5255 magis
2983 5189 3203 5243 arridet.
3227 5187 3341 5240 Huc
3365 5185 3506 5241 redit
3533 5194 3645 5241 tota

2059 5259 2348 5310 scriptoris
2389 5258 2538 5310 iuius
2561 5258 2910 5310 ratiocinatio
2935 5276 2946 5310 :
2975 5256 3449 5310 Ouemadmodum
3480 5271 3645 5310 mem-

2059 5256 2348 5328 scriptoris
2374 5256 2538 5328 hujus
2561 5258 2910 5311 ratiocinatio
2935 5276 2947 5328 ξ
2975 5256 3449 5328 Quemadmodum
3480 5271 3648 5328 mein-

2055 5328 2157 5383 bra
2178 5327 2470 5398 genitalia,
2511 5328 2714 5398 quibus
2742 5327 3221 5398 nullarhominum
3257 5327 3514 5380 voluntas
3547 5327 3642 5379 ob-

2057 5397 2262 5459 stabat,
2303 5397 2600 5467 quominus
2649 5397 3064 5467 perfunctioncs
3106 5412 3237 5452 suas
3270 5405 3641 5467 exercerent,

2058 5468 2334 5522 interdum
2367 5474 2551 5522 tamen
2591 5467 2676 5522 his
2723 5466 3202 5536 perfunctionibus
3234 5466 3304 5519 ab
3337 5467 3496 5518 initio
3545 5481 3642 5517 ca-

2058 5547 2202 5603 rent,
2234 5538 2380 5590 velut
2407 5537 2460 5591 in
2497 5538 2808 5602 sterilibus;
2837 5537 2909 5590 ita
2946 5539 3172 5590 minime
3210 5537 3434 5598 mirum,
3469 5536 3516 5589 si
3549 5536 3648 5589 iis-

2058 5609 2180 5662 dem
2213 5608 2687 5676 perlunctionibus
2723 5614 2950 5660 careant
2979 5607 3031 5659 in
3065 5606 3157 5670 iis,
3191 5606 3284 5674 qui
3317 5616 3642 5674 perpetuam

2058 5679 2461 5746 virginitaten‘i,
2502 5688 2597 5731 aut
2631 5679 2824 5732 saltem
2856 5692 2886 5729 a
2925 5684 3078 5731 certo
3112 5676 3351 5747 quodam
3397 5684 3647 5746 tenuiore

2059 5747 2452 5802 continentiam
2481 5756 2780 5802 sectantur.

2129 5817 2241 5890 (98)
2276 5819 2458 5872 Ἀλλὰ
2484 5817 2602 5871 καί.
2633 5816 2773 5872 Editi
2802 5815 2958 5870 ἄλλαι
2990 5816 3103 5871 καί.
