3974 6256
309 391 448 449 1577

1502 390 1561 445 S.
1595 388 1863 447 JUSTINI
1902 388 2351 447 FRAGMENTA.

3437 394 3578 453 1578

309 508 410 579 μὲν
439 508 536 560 ἀπ’
571 505 745 579 ἀρχῆς
788 505 1229 581 παρθενεύοντας
1270 506 1510 578 ὁρῶμεν,
1540 508 1669 569 τοὺς
1696 506 1754 559 δὲ
1796 505 1889 559 ἀπὶ

2008 506 2322 563 stimoniam
2368 506 2728 563 observantes
2775 509 3073 575 intuemur,
3118 509 3191 564 ita
3226 517 3284 567 ut
3329 510 3398 566 ab
3438 511 3578 580 ipsis

304 600 533 671 χρόνου’
568 598 709 652 ὥστε
751 598 819 651 δι’
861 598 1039 653 αὐτῶν
1084 598 1446 652 καταλύεσθαι
1488 598 1579 650 τὸν
1609 596 1677 650 δι’
1709 595 1900 649 ὲπιθυ-

307 690 437 762 μίας
476 691 676 760 ἄνομον
709 689 909 761 γάμον.
953 690 1114 743 Ἀλλά
1162 691 1261 761 μὲν
1290 691 1383 743 καὶ
1433 688 1547 753 ζῶα
1579 687 1701 741 τινὰ
1748 688 1899 759 εὑρί-

308 798 510 852 σκομεν
538 782 712 836 ἄτοκα
731 820 746 844 ,
788 782 968 836 καίτοι
1002 782 1217 853 μήτρας
1248 780 1462 851 ἔχοντα,
1498 780 1574 844 ὡς
1602 780 1697 832 καὶ
1740 780 1899 850 ἡμίοσ

310 892 430 929 νον·
466 876 562 929 καὶ
600 875 651 927 οἰ
686 874 915 947 ἄρρενες
952 875 1007 926 δὲ
1051 875 1112 927 ού
1154 873 1416 943 γεννῶσιν
1462 872 1697 944 ἡμίονοι.
1736 874 1898 927 Ὥστε

308 969 400 1021 καὶ
441 966 532 1019 διὰ
586 965 911 1036 ἀνθρώπων,
944 967 1038 1018 καὶ
1075 965 1163 1019 διὰ
1195 966 1403 1034 ἀλόγων
1449 968 1897 1039 καταργουμένην

306 1060 400 1131 τὴν
437 1059 747 1121 συνουσίαν,
793 1059 887 1112 καὶ
937 1059 1065 1129 πρὶν
1116 1058 1227 1129 (99)
1259 1057 1351 1111 τοῦ
1395 1058 1676 1129 μέλλοντος
1706 1058 1898 1122 αίῶνος

306 1151 558 1223 ὁρᾶσθαι.
588 1152 699 1205 Καὶ
737 1152 764 1203 6
793 1149 995 1221 Κύριος
1023 1150 1079 1202 δὲ
1125 1150 1280 1220 ἡμῶν
1327 1150 1534 1221 Ἰησοῦς
1564 1151 1797 1222 Χριστὸς
1832 1152 1893 1205 ού

302 1242 367 1298 δι’
389 1244 515 1299 ἄλλο
542 1262 596 1297 τι
629 1244 694 1298 ὲκ
724 1243 992 1314 παρθένου
1022 1242 1216 1313 ἐτέχθη
1248 1244 1280 1314 ἦ
1315 1243 1400 1295 ἵνα
1431 1246 1751 1314 καταργήσῃ
1783 1244 1899 1311 γένη

303 1352 459 1407 νησιν
502 1335 795 1406 ἐπιθυμίας
844 1336 1069 1405 ἀνόμου,
1108 1335 1204 1388 καὶ
1236 1334 1384 1405 δείξῃ
1436 1326 1531 1405 τῷ
1560 1336 1782 1406 ἄρχοντι
1817 1336 1892 1407 (1)

304 1429 401 1482 καὶ
436 1429 561 1498 δίχα
619 1428 905 1490 συνουσίας
963 1427 1311 1499 ἀνθρωπίνης
1358 1427 1591 1498 δυνατὴν
1637 1423 1776 1481 εἶναι
1817 1429 1894 1500 τῷ

304 1521 421 1592 Θεῷ
449 1522 550 1591 τὴν
588 1520 881 1592 ἀνθρώπου
925 1520 1142 1574 πλάσιν.
1175 1521 1288 1573 Καὶ
1334 1520 1634 1589 γεννηθεὶς,
1666 1522 1761 1575 καὶ
1804 1540 1896 1575 πο-

302 1612 686 1684 λιτευσάμενος
713 1613 811 1684 τὴν
837 1612 1029 1683 λοιπὴν
1060 1612 1159 1683 τῆς
1182 1612 1382 1683 σαρκὸς
1413 1612 1717 1677 πολιτείαν,
1749 1612 1893 1681 λέγω

302 1705 360 1757 δὲ
388 1707 445 1756 ἐν
476 1706 724 1775 τροφαῖς,
758 1705 853 1757 καὶ
899 1706 1085 1766 ποτοῖς
1117 1703 1216 1772 (2),
1245 1704 1339 1757 καὶ
1379 1702 1659 1773 ἐνδύμασι,
1688 1703 1890 1775 ταύτην

303 1795 367 1866 δὴ
400 1796 499 1866 τὴν
517 1795 605 1849 διὰ
633 1796 915 1859 συνουσίας
947 1794 1113 1868 μόνην
1141 1797 1242 1848 οὐκ
1270 1794 1583 1866 εἰργάσατο,
1630 1795 1766 1849 ἀλλά
1793 1795 1891 1859 τάς

2000 595 2372 652 dissolvantur
2400 614 2497 669 per
2526 598 2881 668 cupiditatem
2918 601 3065 656 inita:
3094 601 3232 656 citra
3264 601 3401 671 legis
3435 616 3576 671 pra:-

1999 688 2262 758 scriptum
2295 689 2520 759 nuptize.
2549 687 2691 755 Quin
2723 697 2778 745 et
2819 706 3080 760 pecorum
3123 694 3389 747 nonnulla
3422 695 3577 749 invev

1998 780 2181 835 nimus
2223 796 2343 850 qua:
2370 796 2482 835 non
2512 782 2752 851 pariunt,
2799 786 3050 853 quamvis
3084 793 3270 841 uteros
3314 787 3574 853 habeant,

1997 878 2059 924 ut
2098 872 2306 938 mulas;
2344 873 2439 928 sed
2468 881 2520 927 et
2551 889 2731 929 mares
2782 877 2917 929 muli
2960 891 3072 931 non
3120 887 3404 947 generant.
3457 877 3578 944 Quo

1998 962 2057 1016 ﬁt
2088 972 2145 1017 ut
2176 970 2285 1016 tam
2320 978 2417 1033 per
2456 963 2705 1019 homines
2746 981 2909 1034 quam
2939 982 3035 1036 per
3088 967 3224 1022 alias
3268 968 3577 1024 animantes

1996 1062 2199 1108 mutua:
2251 1055 2663 1120 consuetudini,
2710 1056 2875 1112 etiam
2929 1064 3057 1111 ante
3105 1056 3347 1112 futurum
3399 1075 3577 1115 saecu-

1996 1146 2131 1213 lum,
2162 1146 2446 1202 videamus
2487 1164 2612 1204 esse
2643 1147 2986 1218 derogatum.
3025 1147 3091 1201 Et
3136 1164 3269 1203 sane
3306 1147 3576 1206 Dominus

1995 1251 2184 1296 noster
2212 1241 2375 1298 Jesus
2409 1241 2666 1298 Christus
2706 1259 2816 1297 non
2853 1242 2959 1295 alia
2986 1248 3054 1297 de
3085 1258 3253 1297 causa
3298 1252 3459 1299 natus
3489 1252 3576 1300 est

1994 1344 2060 1385 ex
2101 1330 2330 1402 virgine,
2372 1346 2537 1401 quam
2572 1340 2629 1385 ut
2671 1318 2965 1401 illegitima:
2997 1331 3314 1401 cupiditatis
3346 1348 3578 1403 genera.

1994 1421 2199 1476 tionem
2239 1423 2503 1487 aboleret,
2545 1423 2969 1494 ostenderetque
3002 1424 3166 1493 hujus
3195 1425 3387 1479 mundi
3418 1427 3576 1496 prin-

1993 1512 2121 1583 cipi,
2159 1514 2323 1568 etiam
2349 1513 2511 1587 590
2543 1514 2661 1569 sine
2688 1515 2929 1569 humana
2958 1517 3360 1575 consuetudine
3394 1519 3577 1588 possi-

1992 1605 2154 1661 bilem
2194 1622 2317 1662 esse
2353 1606 2464 1661 Deo
2493 1608 2732 1662 hominis
2767 1606 3167 1664 formationem.
3198 1610 3429 1666 Genitus
3475 1627 3577 1667 au.

1992 1707 2099 1754 tem
2128 1713 2192 1753 ac
2216 1698 2487 1769 reliquam
2514 1700 2638 1755 vitae
2661 1715 2940 1769 corporea:
2969 1702 3236 1757 rationem
3262 1705 3570 1774 amplexus,

1992 1790 2048 1845 in
2074 1791 2219 1856 cibo,
2265 1791 2532 1861 inquam;
2552 1800 2607 1848 et
2634 1801 2789 1863 potu,
2821 1801 2874 1848 et
2903 1793 3270 1860 indumentis,
3309 1795 3451 1851 hanc
3483 1812 3575 1854 so.-

302 1888 402 1958 τῆς
430 1888 630 1957 σαρκὸς
656 1886 985 1957 ἐπιθυμίας,
1024 1886 1090 1950 ἀς
1121 1887 1218 1957 μὲν
1266 1886 1569 1955 ἀναγκαίας
1625 1887 1887 1958 ὑπάρχειν

1995 1880 2119 1948 lam,
2158 1898 2281 1951 qua:
2312 1884 2372 1938 ﬁt
2411 1900 2509 1952 per
2549 1885 2936 1950 concubitum,
2992 1901 3103 1939 non
3154 1890 3438 1955 exercuit,
3474 1890 3574 1946 sed

305 1977 662 2043 κατεδέξατο,
708 1978 776 2042 ἃς
824 1979 882 2031 δὲ
945 1978 1020 2050 μὴ
1069 1978 1376 2046 ἀναγκαίας
1431 1977 1492 2029 ού
1554 1979 1885 2049 προσήκατο.

305 2070 523 2143 Τροφῆς
556 2071 653 2141 μὲν
682 2068 811 2139 γὰρ,
844 2071 938 2123 καὶ
976 2068 1165 2132 ποτοῦ,
1198 2068 1293 2123 καὶ
1337 2067 1638 2138 ἐνδύματος
1669 2086 1890 2140 στερου-

308 2165 443 2235 μένη
476 2161 632 2235 σὰρξ,
662 2164 756 2216 καὶ
783 2162 1106 2234 διαφθαρείη
1138 2161 1203 2214 ἄν
1223 2178 1236 2190 ·
1271 2161 1558 2237 συνουσίας
1590 2160 1648 2213 δὲ
1681 2178 1891 2232 στερου-

307 2256 443 2327 μένη
471 2255 674 2325 ἀνόμου
732 2254 882 2308 οὐδὲν
926 2254 954 2307 ὃ
997 2271 1050 2307 τι
1080 2253 1278 2324 πάσχει
1307 2253 1493 2305 κακόν.
1529 2253 1680 2322 Ἀμα
1709 2251 1763 2303 δὲ
1796 2252 1891 2309 καὶ

301 2346 401 2419 τὴν
426 2347 722 2419 μέλλουσαν
740 2344 1129 2419 κατσργεῖσθαι
1148 2344 1236 2398 διὰ
1262 2343 1543 2408 συνουσίας
1564 2344 1707 2414 μίξιν
1735 2345 1790 2396 ὲν
1811 2342 1889 2415 τῷ

307 2438 555 2513 μέλλοντι
598 2438 754 2493 αίῶνι
789 2439 1189 2510 προεμήνυσεν,
1216 2436 1292 2501 ὥς
1322 2453 1483 2507 φησιν
1502 2452 1516 2466 ·
1553 2438 1617 2489 Ol
1636 2436 1752 2488 υἱοὶ
1782 2436 1890 2490 τοῦ

301 2529 519 2595 αίῶνος
571 2530 786 2583 τούτου
820 2529 1150 2599 γαμοῦσιν,
1211 2528 1309 2582 καὶ
1361 2530 1785 2600 γαμίσκονταιο
1834 2532 1890 2582 οι

301 2621 370 2677 δὲ
394 2623 512 2677 υἱοὶ
547 2621 653 2677 τοῦ
679 2620 1012 2690 μέλλοντος
1037 2620 1249 2687 αἰῶνος
1269 2621 1405 2675 οὔτε
1430 2621 1727 2691 γαμοῦσιν
1750 2620 1891 2675 οὔτε

301 2717 694 2785 γαμίσκονται
720 2754 735 2778 ,
793 2715 931 2769 ἀλλ’
990 2714 1232 2768 ἔσονται
1288 2713 1368 2778 ὡς
1404 2713 1648 2783 ἄγγελοι
1703 2712 1773 2766 ἐν
1812 2712 1891 2778 τῷ

303 2804 558 2873 οὐρανῷ.
583 2806 675 2876 Μὴ
706 2803 1134 2875 θαυμαζέτωσαν
1146 2800 1240 2857 οὖν
1253 2804 1302 2856 οἱ
1327 2805 1426 2875 τῆς
1448 2805 1684 2869 πίστεως
1712 2804 1888 2873 ἐκτὸς,

302 2900 352 2953 ει
391 2898 492 2970 τὴν
532 2898 640 2952 ἀπὸ
676 2896 771 2952 τοῦ
817 2896 913 2951 νῦν
956 2897 1409 2969 καταργουμένην
1444 2899 1503 2951 ὲν
1542 2902 1656 2962 τοῖς
1708 2898 1891 2970 ἔργοις

299 2989 512 3053 τούτοις
555 2991 734 3064 σάρκα
791 2990 887 3044 καὶ
943 2991 1001 3045 ὲν
1056 2989 1133 3061 τῷ
1182 2989 1427 3061 μέλλοντι
1482 2991 1638 3044 αἰῶνι
1685 3008 1890 3063 καταρσι

298 3083 483 3153 γήσει.

371 3172 462 3229 IV.
495 3173 642 3239 Ναὶ,
700 3173 891 3242 φασίν·
940 3175 987 3227 εί
1040 3169 1134 3231 οὖν
1164 3176 1198 3244 ἡ
1245 3172 1381 3244 σὰρξ
1427 3173 1743 3237 ἀνίσταται,
1794 3174 1887 3226 καὶ

298 3267 524 3339 τοιαύτη
555 3268 858 3331 ἀνίσταται,
889 3267 1051 3321 ὁποία
1080 3266 1426 3337 κλιθήσεται·
1461 3265 1603 3321 ὥστε
1633 3268 1681 3319 εἰ
1728 3266 1884 3336 μονό-

300 3359 551 3431 φθαλμος
620 3358 970 3431 κλιθήσεται,
1031 3359 1408 3430 μονόφθαλμος
1466 3359 1785 3412 ἀνίσταταιο
1837 3357 1886 3409 εί

301 3451 493 3523 χωλὸς,
525 3450 696 3522 χωλός
718 3468 731 3481 ·
766 3453 814 3509 εἰ
844 3451 973 3506 ἄλλο
995 3468 1053 3509 τι
1081 3450 1174 3505 τοῦ
1206 3450 1457 3522 σώματος
1487 3448 1747 3521 ὑστεροῦν
1776 3449 1884 3521 ετη,

299 3541 461 3597 τοῦτο
494 3543 589 3597 καὶ
617 3541 853 3599 ἐλάττων
884 3540 958 3613 (5)
994 3545 1022 3597 6
1059 3542 1343 3613 ἄνθρωπος
1370 3542 1754 3611 ἀναστήσεται.
1786 3540 1889 3592 Ta-

301 3634 643 3704 τυφλωμένοι
682 3635 757 3698 ὠς
784 3633 998 3703 ἀληθῶς
1024 3633 1094 3691 τὰ
1133 3634 1232 3704 τῆς
1267 3632 1493 3704 καρδίας
1522 3632 1773 3703 ὅμματαί
1810 3633 1884 3686 Ού

301 3724 413 3795 γὰρ
441 3721 578 3778 εἶδον
620 3726 713 3779 ἐπὶ
758 3726 857 3796 τῆς
889 3726 992 3795 γῆς
1033 3723 1266 3792 τυφλοὺς
1309 3723 1742 3788 ἀναϐλέποντας,
1779 3742 1889 3794 χω-

300 3815 429 3878 λοὺς
456 3816 891 3887 περιπατοῦντας
910 3856 924 3881 ,
979 3817 1058 3887 τῷ
1084 3818 1291 3872 ἐκείνου
1319 3814 1480 3885 λόγῳ.
1516 3817 1763 3869 Ἅπαντα
1810 3816 1885 3888 (4)

301 3906 559 3978 ἐποίησεν
586 3909 614 3962 6
643 3906 853 3979 Σωτὴρ,
885 3906 1100 3977 πρῶτον
1131 3906 1227 3977 μὲν
1259 3905 1345 3958 ἵνα
1384 3904 1647 3977 ⁴πληρωθῇ
1693 3904 1755 3956 τὸ
1790 3906 1888 3974 ρη-

303 3997 395 4055 θὲν
422 3998 512 4056 διὰ
538 3998 644 4052 τῶν
686 3998 978 4070 προφητῶν
1007 3999 1135 4070 περὶ
1162 3995 1349 4061 αὐτοῦ,
1381 3997 1463 4050 ὅτι
1490 3995 1710 4065 τυφλοὶ
1742 3997 1889 4051 ἀνα-π

304 4089 621 4153 ϐλέπουσι,
638 4088 739 4141 καὶ
760 4090 944 4159 κωφοὶ
971 4091 1324 4153 ἀκούουσιν,
1355 4090 1448 4143 καὶ
1500 4089 1570 4142 τά
1597 4088 1731 4143 ἄλλα
1749 4105 1761 4118 ·
1806 4089 1885 4142 ἔτι

302 4179 361 4238 δὲ
392 4182 487 4235 καὶ
518 4183 598 4246 είς
626 4180 828 4244 πίστιν,
856 4182 938 4235 ὅτι
968 4183 1025 4236 ὲν
1068 4185 1134 4255 τῇ
1181 4181 1474 4238 ἀναστάσει
1522 4182 1557 4251 ἡ
1592 4178 1728 4250 σὰρξ
1771 4180 1887 4233 ὁλό-

302 4271 505 4343 κληρος
533 4274 912 4345 ἀναστήσεται.
944 4273 1007 4326 ΕΞ
1054 4272 1163 4344 γὰρ
1200 4274 1291 4326 ἐπὶ
1320 4273 1416 4342 τῆς
1448 4273 1551 4342 γῆς
1594 4271 1694 4333 τάς
1726 4269 1887 4324 ἁσθευ

301 4364 453 4427 νείας
482 4364 582 4434 τῆς
635 4365 835 4436 σαρκὸς
885 4366 1091 4427 ἰάσατο,
1123 4365 1216 4417 καὶ
1249 4362 1538 4433 ὀλόκληρον
1580 4362 1801 4434 ἐποίησε
1826 4362 1888 4415 τὸ

304 4454 487 4525 σῶμα,
519 4454 697 4524 πολλῷ
729 4454 927 4525 μᾶλλον
958 4456 1015 4507 ὲν
1042 4457 1107 4525 τῇ
1140 4452 1433 4506 ἀναστάσει
1460 4451 1619 4505 τοῦτο
1649 4454 1883 4522 ποιήσει,

1990 1973 2127 2030 alias
2162 1975 2350 2031 carnis
2379 1975 2708 2045 cupiditates
2738 1985 2791 2031 ct
2821 1978 3164 2035 necessarias
3192 1980 3412 2051 quidem
3449 1998 3575 2037 sus-

1990 2068 2163 2136 cepit,
2200 2083 2313 2122 non
2357 2071 2706 2126 necessarias
2760 2077 2941 2126 autem
2976 2087 3087 2125 non
3133 2072 3380 2129 admisit.
3436 2073 3574 2130 Nam

1990 2174 2121 2214 caro
2158 2162 2398 2230 quidem,
2428 2162 2475 2218 si
2506 2163 2632 2218 cibo
2663 2171 2717 2218 et
2748 2164 2969 2233 potione
2995 2171 3050 2219 et
3078 2164 3414 2221 indumentis
3458 2166 3575 2237 pri-

1990 2262 2166 2319 vetur,
2197 2254 2318 2325 ipsa
2350 2256 2743 2327 corrumpitur.
2793 2255 2899 2311 Sed
2934 2257 2985 2313 si
3030 2259 3275 2327 privetur
3307 2275 3577 2316 concesso

1991 2359 2023 2401 a
2052 2345 2169 2415 lege
2191 2347 2510 2409 concubitu,
2536 2347 2675 2401 nihil
2715 2363 2944 2417 prorsus
2973 2349 3101 2403 mali
3136 2349 3364 2419 patitur.
3398 2350 3577 2405 Simul

1991 2443 2175 2492 autem
2213 2438 2519 2493 desituram
2563 2454 2687 2495 esse
2732 2440 2787 2494 in
2821 2439 3007 2495 futuro
3051 2442 3251 2497 saeculo
3277 2457 3420 2506 eam,
3452 2457 3575 2513 quas

1990 2544 2089 2597 per
2120 2531 2475 2585 concubitum
2505 2531 2594 2595 ﬁt,
2638 2533 3075 2589 commistionem
3110 2534 3392 2602 praedixit,
3442 2534 3575 2589 dum

1991 2619 2105 2675 ait:
2144 2620 2273 2675 Filii
2306 2622 2463 2691 hujus
2499 2624 2683 2676 διεσαίί
2730 2623 2931 2677 nubunt
2958 2634 3008 2677 et
3055 2625 3343 2678 (raduntur
3372 2623 3442 2677 ad
3473 2641 3576 2678 nu-

1989 2713 2174 2779 ptias;
2205 2714 2307 2783 ﬁlii
2344 2724 2520 2768 autem
2556 2714 2728 2782 futuri
2757 2715 2940 2769 swculi
2972 2732 3139 2785 neque
3165 2716 3380 2780 nubent,
3414 2731 3577 2786 neque

1991 2803 2179 2859 ducent
2207 2822 2421 2869 uxores,
2462 2805 2551 2860 sed
2580 2815 2735 2861 erunt
2776 2808 2913 2861 sicut
2946 2808 3122 2877 angeli
3151 2808 3206 2861 in
3237 2808 3366 2862 caelo
3388 2807 3455 2863 ³⁸.
3494 2806 3576 2864 Ne

1992 2898 2260 2952 mirentur
2289 2898 2518 2967 proinde
2563 2898 2846 2961 inﬁdeles,
2898 2899 2946 2953 si
2995 2913 3217 2953 carnem
3270 2899 3466 2953 amodo
3505 2900 3575 2954 ab

1991 2990 2114 3045 istis
2144 2991 2401 3059 Operibus
2435 2998 2766 3055 cessantem,
2802 2992 2859 3045 in
2893 2991 3081 3047 futuro
3112 2992 3313 3047 saeculo
3359 2991 3430 3047 ab
3475 2993 3575 3047 iis-

1991 3081 2112 3138 dem
2147 3083 2219 3139 sit
2250 3083 2623 3153 sejuncturus.

2060 3170 2150 3226 Ν.
2188 3173 2292 3239 Ita,
2324 3173 2607 3243 inquiunt;
2659 3173 2845 3243 igitur,
2888 3173 2935 3228 si
2968 3188 3100 3228 caro
3142 3168 3415 3246 resurgit,
3447 3175 3578 3232 talis

1992 3266 2233 3335 resurgit
2268 3267 2447 3335 qualis
2496 3267 2817 3322 occubuerit
2853 3284 2867 3321 :
2902 3268 2978 3320 ita
3018 3275 3105 3331 ut,
3139 3267 3190 3325 si
3220 3268 3346 3337 quis
3380 3282 3575 3322 mono—

1990 3358 2147 3413 culus
2192 3358 2539 3420 occubuerit,
2583 3360 2915 3415 monoeulus
2954 3359 3123 3415 etiam
3160 3369 3576 3419 resurrecturus

1991 3448 2094 3515 sit;
2126 3449 2175 3506 si
2207 3449 2463 3513 claudus,
2493 3448 2759 3516 claudus;
2793 3449 2983 3505 itidem
3010 3451 3057 3506 si
3090 3451 3223 3521 quid
3258 3450 3407 3504 aliud
3449 3464 3576 3506 cor-

1987 3539 2140 3611 poris
2188 3538 2440 3593 mutilum
2496 3538 2696 3604 fuerit,
2745 3537 2851 3594 hac
2901 3540 3067 3594 etiam
3138 3547 3295 3610 parte
3344 3539 3576 3598 mutilus

1989 3631 2155 3685 homo
2200 3630 2273 3686 sit
2318 3636 2756 3685 resurrecturus.
2790 3627 3062 3683 Excmcati
3098 3628 3347 3699 profecto
3388 3629 3578 3686 cordis

1988 3720 2167 3777 oculi!
2206 3718 2467 3789 Nunquid
2501 3718 2648 3774 enim
2681 3732 2792 3773 non
2824 3719 3076 3772 viderunt
3118 3719 3174 3771 in
3225 3726 3368 3772 terra
3398 3732 3576 3773 caecos

1988 3810 2275 3877 videntes,
2324 3809 2552 3864 claudos
2598 3807 2945 3865 ambulantes
2996 3806 3144 3862 illius
3193 3808 3397 3863 verbo!
3443 3808 3577 3877 Qua;

1991 3903 2210 3973 quidem
2241 3902 2426 3957 omnia
2458 3899 2710 3955 Salvator
2738 3899 2888 3965 fecit,
2924 3900 3100 3969 primo
3127 3899 3348 3969 quidem
3380 3907 3442 3953 ut
3471 3900 3577 3952 im-

1989 3997 2231 4071 pleretur
2275 3993 2421 4067 quod
2454 3994 2661 4048 dictum
2709 4000 2795 4047 est
2841 4006 2939 4063 per
2977 3993 3272 4065 prophetas
3315 3992 3384 4047 de
3434 3990 3572 4046 illo:

1990 4086 2132 4143 Circi
2144 4083 2337 4151 vident,
2351 4082 2564 4139 σίδαι·άὶ
2586 4084 2809 4136 audiunt
2825 4084 2895 4147 ³⁵,
2914 4089 2968 4137 et
2991 4083 3094 4137 alia
3109 4083 3425 4155 hujusmodi
3447 4101 3461 4149 ;
3481 4082 3576 4137 dc—

1988 4175 2115 4232 inde
2149 4176 2217 4230 ad
2258 4176 2419 4232 ﬁdem
2461 4174 2791 4238 faciendam,
2823 4189 3045 4234 carnem
3079 4175 3135 4230 in
3169 4176 3578 4230 resurrectione

1988 4282 2113 4323 esse
2154 4273 2613 4321 resnrrecturam.
2653 4265 2713 4318 Si
2745 4262 2892 4319 enim
2926 4264 2981 4317 in
3026 4271 3171 4318 terra
3206 4265 3389 4319 carnis
3421 4263 3576 4317 inﬁr-

1989 4359 2209 4413 mitates
2279 4356 2494 4411 sanavit
2551 4364 2604 4410 et
2671 4370 2874 4425 corpus
2945 4355 3220 4424 integrum
3294 4353 3570 4411 reddidit:

1992 4457 2197 4519 quanto
2242 4448 2415 4517 magis
2447 4447 2503 4499 in
2545 4446 2950 4501 resurrectione
2995 4445 3047 4497 id
3095 4444 3282 4509 faciet,
3337 4452 3395 4498 ut
3441 4458 3574 4497 caro

302 4542 445 4596 ὥστε
491 4546 584 4598 καὶ
632 4545 908 4615 ἀκέραιον,
948 4546 1042 4599 καὶ
1089 4544 1381 4614 ὁλόκληρον
1434 4543 1732 4611 ἀναστῆναι
1784 4542 1883 4611 τὴν

1995 4539 2202 4607 integra
2260 4535 2611 4605 perfectaque
2674 4535 2971 4603 resurgat?
3015 4532 3131 4587 Hoc
3178 4535 3361 4603 itaque
3410 4535 3574 4591 modo

304 4634 505 4705 σάρκα.
538 4634 621 4687 Τά
667 4634 763 4707 μὲν
807 4630 898 4686 οὖν
930 4636 1060 4705 παρ’
1102 4633 1281 4687 αὐτῶν
1325 4631 1653 4703 νομιζόμενα
1705 4631 1884 4702 ἄπορα

300 4724 491 4777 τοῦτον
521 4724 613 4777 τὸν
639 4724 839 4795 τρόπον
869 4722 1171 4793 ἰαθήσεται.

374 4814 443 4869 ν.
478 4816 601 4867 Ἔτι
627 4816 684 4868 δὲ
732 4814 960 4871 καὶτῶν
1004 4812 1270 4882 λεγόντων
1321 4812 1395 4882 μὴ
1427 4810 1744 4868 ἀνίστασθαι
1788 4810 1884 4881 τὴν

303 4907 506 4979 σάρκα,
539 4908 590 4959 οἱ
621 4907 719 4978 μὲν
759 4907 835 4971 ὡς
881 4905 1137 4962 ἀδύνατον
1180 4904 1480 4974 ἀναστῆναι
1525 4903 1792 4971 λέγουσιν,
1834 4904 1884 4960 οἱ

378 5061 430 5093 ²⁶
462 5059 599 5117 Luc.
631 5076 726 5127 xx,
748 5061 837 5116 54.
913 5062 959 5093 ³⁸
987 5058 1095 5117 lsa.
1131 5074 1299 5125 xxxv,
1329 5058 1381 5113 5.

373 5215 489 5287 (99)
518 5214 816 5287 Ιςαζπρίν.
854 5214 1019 5287 Deest
1045 5214 1103 5268 in
1139 5211 1329 5266 codice
1358 5227 1461 5287 ms.

375 5277 869 5357 (I)’Tc§_dp§corn.
906 5283 1049 5357 Alliec
1090 5297 1312 5357 quoque
1330 5281 1533 5357 _eidem
1564 5277 1883 5357 codicinde-

301 5347 522 5413 bemus.
548 5347 836 5409 Habebam
857 5355 990 5409 editi
1020 5347 1123 5408 καῖ
1135 5347 1304 5423 δείξῃ,
1327 5352 1409 5423 ὅτι
1441 5351 1541 5423 κα).
1560 5350 1703 5423 δίχα.
1728 5347 1884 5401 Chri-

302 5434 426 5483 stus
471 5426 763 5480 ostendere
800 5426 975 5477 voluit
1029 5419 1457 5477 Satanae"etiam
1498 5420 1609 5472 sine
1648 5419 1884 5471 humana

302 5496 679 5551 consuetudine
706 5495 1008 5563 possibitem
1039 5509 1151 5548 esse
1182 5491 1291 5563 Deo
1333 5490 1560 5563 hominis
1602 5488 1884 5563 formatio-

302 5583 443 5630 nem,
474 5568 590 5620 sive
617 5558 744 5634 quia
777 5564 1031 5627 Satanas,
1066 5572 1127 5616 ut
1157 5562 1321 5634 paulo
1336 5568 1477 5634 ante
1500 5559 1715 5634 dicebat
1739 5558 1885 5634 scri-

302 5629 435 5707 ptor
458 5629 669 5699 noster,
698 5635 978 5707 haereticis
991 5641 1045 5689 et
1082 5629 1389 5707 incredulis
1412 5631 1574 5707 aliam
1602 5629 1885 5707 injiciebat

302 5698 807 5779 opinionem,sive,
836 5705 984 5779 quod
1020 5702 1214 5779 magi_s_
1242 5700 1594 5779 crediderim,
1638 5698 1766 5767 quia
1798 5712 1888 5779 er:-

302 5767 430 5831 τότε
472 5778 719 5833 delusus,
762 5782 821 5829 ut
854 5767 1137 5829 observat'
1166 5771 1368 5841 Martyr
1413 5769 1655 5841 lgnatius
1703 5782 1788 5836 ep.
1816 5767 1885 5820 ad

303 5845 507 5918 Ephes.
544 5844 827 5901 Christum
858 5860 922 5898 ex
952 5842 1122 5896 Maria
1147 5850 1202 5897 et
1228 5839 1467 5910 Joseplio
1508 5839 1752 5910 genitum
1783 5853 1885 5906 pu~

582 5940 857 6000 PATROL.
888 5938 1006 5999 Gn.
1035 5937 1143 5999 VI.

1992 4630 2335 4685 sanabuntur
2363 4642 2484 4697 qua:
2514 4626 2648 4695 ipsis
2681 4625 3010 4679 insanabilia
3042 4625 3318 4679 videntur.

2062 4806 2130 4862 V.
2183 4806 2399 4862 Rursus
2455 4811 2636 4871 autem
2687 4818 2914 4867 eorum,
2966 4801 3061 4871 qui
3110 4801 3573 4856 resurrectionem

1991 4902 2175 4958 carnis
2221 4908 2459 4971 negant,
2499 4898 2593 4952 alii
2645 4904 2705 4952 ut
2750 4894 3146 4970 impossibilem
3199 4900 3433 4966 negant,
3478 4894 3573 4952 alii

1986 5205 2157 5268 tabat,
2184 5219 2286 5258 nec
2310 5203 2697 5273 suspicabatur
2723 5218 2885 5272 posse
2906 5203 3183 5258 hominem
3206 5203 3365 5257 aliter
3389 5201 3563 5273 nasci.

1985 5275 2056 5327 At
2088 5284 2275 5343 postea
2303 5272 2451 5335 eum,
2480 5275 2573 5342 qui
2601 5280 2767 5343 caput
2797 5274 2947 5329 illius
2973 5275 3264 5336 contrivit,
3302 5288 3405 5327 nec
3432 5272 3568 5343 sim-

1986 5341 2183 5414 plicem
2210 5341 2868 5414 hominem’essemeque
2888 5359 2955 5398 ex
2981 5343 3297 5399 hominibus
3322 5341 3565 5412 genitum

2027 5430 2281 5469 el'SCIlSll.

1987 5431 2493 5555 peii‘fniigébagm
2530 5486 2745 5555 ποτοῖς,
2776 5499 2917 5555 quae
2960 5482 3219 5555 li_iaranus
3265 5483 3564 5547 omiserat,

1986 5571 2052 5611 ex
2086 5553 2329 5608 editione
2375 5553 2588 5609 lenensi
2618 5553 2937 5609 inserimus.
2973 5553 3130 5608 Ευιτ.
3159 5553 3331 5607 Pun.

2060 5625 2135 5694 (5)
2181 5623 2497 5678 Ἐλάττων.
2517 5622 2677 5694 _Editi
2705 5622 2944 5694 ἔλαττον.

2064 5690 2143 5764 (4)
2185 5695 2464 5748 Ἀπαντα.
2517 5690 2830 5763 Legendum
2876 5693 2922 5764 ἀί
2961 5692 3157 5747 πάντα.
3209 5690 3462 5747 Justinus
3512 5692 3569 5748 in

1994 5765 2206 5833 Dialog.
2243 5780 2299 5817 ιι.
2325 5764 2415 5826 69,
2454 5780 2521 5817 ex
2570 5765 2850 5819 miraculis
2896 5763 3102 5819 Christi
3144 5764 3288 5819 idem
3323 5777 3571 5820 resurre-

1994 5832 2197 5891 ctionis
2222 5843 2601 5905 argumentum
2631 5832 2803 5889 ducit.
