3974 6256
418 419 557 484 15⁸19

1655 414 2018 473 APPENDIX.
2048 446 2117 457 ——
2156 407 2336 470 PARS
2372 409 2438 471 ll.

3534 420 3556 472 Ι
3568 420 3675 475 580

414 552 675 613 tanquam
704 536 816 596 Deo
843 553 962 596 eam
994 535 1261 595 suscitare
1294 552 1401 593 non
1438 536 1754 601 conveniat,
1803 543 1991 606 utpote

2092 532 2148 587 δέ
2177 533 2253 595 ὡς
2286 532 2359 603 μὴ
2390 531 2665 603 προσῆκον
2690 531 2767 603 τῷ
2796 528 2914 603 Θεῷ
2947 529 3255 586 ἀνιστάνειν
3285 531 3453 603 αὐτὴν
3498 533 3589 586 διὰ
3618 534 3684 587 τδ

414 633 579 687 vilem
622 636 678 686 et
710 630 1136 701 despicabilem;
1169 628 1262 683 alii
1296 628 1552 698 denique,
1587 626 1734 698 quod
1766 626 1843 679 illi
1878 626 1994 696 pri-

2096 622 2311 685 εὐτελὲς
2358 624 2450 675 καὶ
2488 623 2958 694 εὐκαταφρόνητον
3003 622 3204 693 αὐτῆςο
3246 624 3297 675 οῐ
3341 622 3422 687 δέ,
3463 623 3547 676 ὅτι
3578 624 3686 697 τὴν

413 724 583 778 mitus
622 737 732 776 non
773 722 844 777 sit
894 722 1168 792 promissa
1208 721 1559 777 resurrectio.
1592 718 1839 773 Primum
1873 717 1992 787 qui-

2095 712 2270 785 ὰρχὴν
2296 714 2417 766 οὐδὲ
2461 713 2792 781 ἐπαγγελίαν
2835 714 2999 784 ἔχειν.
3051 713 3275 785 Πρῶτον
3309 714 3409 785 μὲν
3441 710 3536 766 οῦν
3592 731 3686 784 μοι

413 816 537 871 dem
588 815 854 871 adversus
886 832 1003 880 eos.
1033 816 1124 887 qui
1178 816 1573 886 impossibilem
1618 812 1731 868 Deo
1762 826 1886 867 esse
1917 810 1995 865 di-

413 914 545 963 cunt
574 908 761 963 carnis
788 908 1267 973 resurreCtionem,
1300 909 1433 963 mihi
1458 908 1675 963 videtur
1698 906 1992 962 ostenden-

411 1000 543 1055 dum
575 1014 669 1056 eos
700 1001 973 1071 ignorare,
1007 1016 1066 1056 se
1094 1001 1263 1057 verbo
1294 1001 1513 1071 quidem
1560 1000 1748 1055 ﬁdeles
1780 1014 1838 1054 se
1868 1014 1992 1054 esse

411 1090 687 1162 proliteri,
732 1091 829 1146 sed
875 1090 1033 1147 factis
1081 1090 1462 1147 demonstrare
1496 1090 1743 1147 inﬁdeles
1784 1105 1843 1145 se
1868 1104 1992 1145 esse

412 1190 466 1237 et
506 1181 818 1237 inﬁdelibus
864 1180 1215 1236 inﬁdeliores.
1243 1180 1376 1233 Nam
1409 1195 1535 1234 cum
1582 1187 1770 1250 gentes
1799 1193 1991 1234 omnes

413 1273 727 1331 simulacris
776 1274 1002 1328 credant
1048 1280 1102 1327 et
1143 1287 1468 1342 persuasum
1517 1272 1755 1327 habeant
1802 1271 1989 1325 omnia

411 1362 522 1417 illis
556 1377 679 1417 esse
736 1361 1041 1431 possibilia,
1098 1360 1562 1430 quemadmodum
1616 1369 1669 1416 et
1720 1359 1989 1416 Homerus

409 1467 600 1507 eorum
646 1460 807 1522 poeta
837 1449 1079 1507 dixit“:
1113 1448 1206 1502 Dii
1241 1451 1421 1505 omnia
1466 1460 1707 1519 possunt,
1741 1461 1791 1504 et
1831 1449 1990 1519 facile

411 1542 644 1614 (addidit
671 1560 863 1599 vocem
912 1545 1063 1616 ῥεῖα,
1092 1542 1240 1614 quod
1282 1548 1367 1598 est
1410 1541 1586 1611 facile,
1621 1549 1680 1596 ut
1712 1541 1989 1613 magnitu—

409 1633 592 1689 dinem
624 1636 876 1707 potentiae
915 1634 1141 1689 deorum
1174 1632 1522 1704 declararet),
1560 1632 1717 1687 multi
1754 1633 1863 1687 illis
1902 1633 1992 1687 in-

408 1727 683 1783 ﬁdeliores
710 1733 993 1798 apparent.
1021 1726 1078 1781 Si
1105 1727 1251 1781 enim
1283 1733 1472 1797 gentes
1499 1726 1685 1789 idolis,
1709 1724 1817 1780 diis
1849 1726 1985 1790 suis,

408 1816 501 1893 qui
532 1838 685 1875 aures
718 1820 905 1874 habent
941 1828 990 1873 et
1034 1836 1138 1873 non
1182 1818 1438 1882 audiunt,
1480 1818 1659 1872 oculos
1705 1817 1894 1872 habent
1938 1828 1987 1873 et

2092 803 2239 857 δοκεῖ
2263 804 2400 876 πρὸς
2428 805 2552 868 τοὺς
2581 804 2839 859 ἀδύνατον
2881 802 3019 857 εἶναι
3046 804 3303 872 λέγοντας
3330 804 3408 875 τῷ
3451 804 3575 875 Θεῷ
3622 804 3686 859 τὸ

2093 894 2294 965 ταύτην
2313 895 2614 965 ἀναστῆσαι
2639 894 2946 959 διεξελθεῖν,
2968 896 3050 947 ὅτι
3075 892 3360 962 ἀγνοοῦσιν
3392 896 3568 960 αὐτοὶ,
3602 895 3685 965 τῷ

2090 984 2235 1057 λόγῳ
2276 986 2526 1054 λέγοντες
2564 984 2700 1040 εἶναι
2747 988 3004 1051 πιστοὺς,
3051 987 3146 1039 καὶ
3192 986 3280 1039 διὰ
3331 987 3443 1040 τῶν
3502 988 3687 1059 ἔργων

2092 1078 2505 1140 ἀποδεικνύντες
2556 1079 2817 1141 ἀπίστους
2865 1080 3109 1140 ἑαυτοὺς,
3141 1079 3236 1130 καὶ
3277 1079 3387 1131 τῶν
3434 1078 3686 1132 ἀπίστων

2091 1170 2497 1242 ἀπιστοτέρους.
2536 1171 2656 1225 Τῶν
2684 1170 2793 1243 γὰρ
2833 1171 3001 1224 ἐθνῶν
3056 1170 3311 1224 ἁπάντων
3355 1172 3450 1223 ἐπὶ
3489 1171 3559 1224 τά
3602 1174 3682 1225 εῖ-

2090 1261 2237 1315 δωλα
2279 1264 2741 1327 πεπιστευκότων,
2788 1265 2885 1317 καὶ
2930 1262 3333 1334 πεπεισμένων,
3376 1265 3457 1316 ὅτι
3501 1265 3685 1319 πάντα

2094 1354 2295 1411 δυνατά
2332 1357 2514 1420 αὐτοῖς
2547 1358 2693 1409 ἐστιν
2740 1356 2836 1427 (ὡς
2866 1358 2960 1409 καὶ
2992 1357 3233 1428 Ὅμηρος
3265 1360 3293 1410 ό
3324 1358 3554 1429 ποιητὴς
3586 1358 3686 1409 αὑ-

2090 1449 2198 1503 τῶν
2220 1466 2382 1521 φησιν
2401 1467 2412 1479 ο
2454 1449 2584 1503 Geo!
2616 1448 2684 1501 δε
2727 1448 2924 1502 πάντα
2952 1448 3237 1501 δύνανται
3257 1448 3352 1501 καὶ
3366 1447 3522 1515 ⁴ῥεῖα·
3545 1448 3692 1501 ἀλλὰ

2091 1543 2186 1596 καὶ
2216 1543 2296 1605 τὺ,
2317 1542 2483 1610 ῥεῖα,
2526 1541 2885 1613 προσέθηκεν,
2918 1542 3054 1611 ὅπερ
3096 1542 3244 1595 ἐστὶν
3282 1541 3557 1611 εὐχερῶς,
3596 1543 3688 1594 ἵνα

2089 1636 2190 1706 τὴν
2226 1635 2619 1706 μεγαλειότητα
2650 1634 2751 1702 τῆς
2798 1634 2903 1685 τῶν
2933 1632 3070 1685 θεῶν
3120 1632 3194 1703 (5)
3250 1633 3535 1703 δυνάμεως
3584 1635 3688 1703 ἐμ-

2092 1728 2277 1803 φάνη),
2324 1727 2507 1780 πολλοὶ
2535 1726 2739 1779 τούτων
2771 1725 2846 1796 (6)
2890 1724 3233 1795 ἀπιστότεροι
3279 1726 3584 1794 φαίνονται.
3620 1726 3687 1778 Εἰ

2090 1818 2199 1890 γὰρ
2227 1822 2339 1883 τοῖς
2367 1818 2604 1881 εἰδώλοις
2633 1818 2700 1871 τὰ
2747 1817 2872 1888 ἔθνη
2911 1821 3024 1879 τοῖς
3062 1816 3203 1879 θεοῖς
3244 1819 3443 1880 αὐτῶν,
3478 1819 3526 1869 οἳ
3560 1817 3689 1871 ὦτα

407 1932 512 1969 non
542 1914 805 1978 vident",
834 1912 1019 1967 omnia
1061 1927 1157 1968 eos
1208 1927 1371 1983 posse
1410 1912 1673 1976 credunt,
1718 1927 1844 1965 cum
1878 1913 1983 1982 ipsi

2090 1913 2320 1982 ἔχουσι,
2362 1913 2458 1965 καὶ
2502 1914 2613 1965 οὐκ
2642 1912 2993 1977 ἁκούουσιν,
3044 1910 3392 1979 ὀφθαλμοὺς
3429 1911 3681 1979 ἔχουσι,

407 2006 518 2060 sint
541 2004 828 2070 daamonia,
857 2004 1001 2059 sicut
1030 2002 1271 2073 loquitur
1302 2001 1609 2072 Scriptura,
1637 2001 1729 2055 Dii
1756 2004 1986 2072 gentium

407 2096 671 2150 dwmonia
689 2094 767 2163 ’3;
802 2094 975 2148 multo
1018 2093 1192 2164 magis
1238 2108 1361 2159 nos,
1393 2094 1486 2163 qui
1530 2101 1736 2148 rectam
1768 2102 1821 2148 et
1871 2095 1987 2148 exi-

404 2188 573 2241 miam
604 2196 657 2242 et
685 2201 869 2241 veram
902 2184 1062 2239 ﬁdem
1094 2192 1364 2250 tenemus,
1397 2183 1507 2238 Deo
1546 2191 1736 2239 nostro
1763 2182 1989 2239 credere

404 2276 690 2341 debemus,
716 2291 840 2331 cum
864 2284 918 2332 et
948 2283 1270 2348 argumenta
1298 2275 1628 2342 habeamus;
1660 2290 1722 2329 ac
1750 2276 1986 2345 primum

405 2367 628 2437 quidem
675 2365 998 2435 protoplasti
1041 2365 1479 2436 generationem,
1522 2363 1670 2433 quod
1701 2380 1731 2418 e
1778 2373 1926 2418 terra
1955 2377 1988 2416 a

404 2459 521 2514 Deo
563 2458 782 2524 factus;
834 2465 919 2513 est
957 2458 1102 2511 enim
1148 2455 1295 2511 istud
1333 2456 1545 2510 clarum
1591 2453 1686 2510 Dei
1731 2456 1989 2526 potentiae

405 2554 806 2620 argumentum.
835 2546 1038 2602 Deinde
1062 2563 1190 2602 vero
1209 2562 1351 2611 eam,
1378 2563 1498 2618 quae
1527 2554 1715 2618 postea
1739 2563 1803 2601 ex
1826 2546 1990 2617 591’

407 2639 675 2695 ambobus
718 2638 859 2695 facta
904 2646 1019 2704 est,
1063 2638 1471 2710 generationem
1510 2638 1987 2698 considerantibus

404 2747 633 2789 cernere
662 2732 812 2794 licet,
844 2736 918 2802 {ac
970 2733 1143 2803 magis
1173 2732 1364 2787 mirari
1399 2730 1673 2802 quomodo
1706 2745 1737 2786 e
1763 2730 1989 2784 minima

405 2822 657 2879 humoris
709 2823 922 2895 guttula
981 2830 1195 2876 tantum
1257 2821 1578 2878 eﬁ'ormetur
1636 2820 1859 2875 animal.
1909 2820 1988 2873 Ac

404 2915 676 2987 profecto,
724 2917 773 2971 si
819 2914 876 2971 id
921 2931 1140 2986 quoque
1189 2915 1556 2987 promissione
1588 2914 1986 2978 contineretur,

405 3025 586 3081 neque
625 3009 828 3065 iactum
863 3017 1203 3077 cerneretur,
1233 3010 1407 3065 multo
1440 3010 1567 3065 aliis
1611 3006 1991 3063 incredibilius

406 3111 583 3171 esset;
617 3103 713 3159 sed
747 3102 1068 3159 credibilius
1106 3102 1289 3158 reddit
1336 3101 1582 3159 eﬂ'ectus.
1612 3099 1778 3172 Atqui
1809 3103 1875 3157 de
1904 3117 1992 3157 re-

2088 2004 2187 2058 καὶ
2216 2007 2325 2057 οὐκ
2360 2004 2634 2072 ὄψονται,
2664 2003 2724 2055 τὸ
2765 2002 2943 2055 πάντα
2972 2001 3229 2055 δύνασθαι
3274 2002 3683 2055 πεπιστεύκασι

2086 2095 2384 2166 δαιμονίοις
2429 2090 2577 2161 οῦσι,
2610 2093 2792 2157 καθὼς
2837 2095 2870 2164 ἡ
2904 2092 3095 2165 Γραφὴ
3137 2092 3316 2161 λέγει,
3360 2094 3440 2146 δτι
3471 2096 3526 2146 οἱ
3557 2093 3683 2147 θεοὶ

2087 2187 2205 2241 τῶν
2246 2186 2436 2242 ἐθνῶν
2490 2187 2793 2256 δαιμόνια.
2856 2185 3035 2256 πολλῷ
3095 2184 3292 2256 μᾶλλον
3349 2187 3512 2256 ἡμεῖς
3558 2187 3685 2257 ἐορο

2086 2280 2184 2352 τὴν
2217 2281 2292 2351 (7)
2336 2280 2608 2353 ἐξαίρετον
2640 2281 2734 2333 καὶ
2765 2278 2937 2350 ἀληθῆ
2968 2280 3150 2331 πίστιν
3197 2278 3430 2349 ἔχοντες,
3464 2279 3683 2347 ὀφείλο-

2092 2390 2191 2443 μεν
2218 2372 2295 2443 τῷ
2330 2372 2448 2443 Θεῷ
2475 2371 2631 2443 ἡμῶν
2661 2370 2937 2424 πιστεύειν
2960 2411 2973 2433 ,
3004 2370 3218 2441 ἔχοντες
3238 2371 3519 2441 τεκμήρια
3538 2410 3554 2433 ,
3590 2372 3686 2425 καὶ

2088 2463 2304 2535 πρῶτον
2356 2464 2455 2535 μὲν
2482 2464 2581 2535 τὴν
2612 2462 2705 2515 τοῦ
2756 2462 3182 2534 πρωτοπλᾶστου
3212 2462 3446 2530 γένεσιν,
3490 2462 3575 2515 ὅτι
3620 2465 3685 2516 ἐκ

2087 2558 2191 2628 γῆς
2220 2556 2328 2609 ὑπὸ
2356 2555 2490 2609 Θεοῦ
2523 2556 2745 2625 γέγονεν
2763 2572 2776 2585 ’
2817 2555 2997 2608 ἱκανὸν
3036 2556 3144 2625 γὰρ
3170 2554 3329 2607 τοῦτο
3356 2555 3557 2625 δεῖγμα
3586 2557 3689 2627 τῆς

2088 2649 2181 2701 τοῦ
2210 2648 2344 2702 Θεοῦ
2391 2649 2701 2720 δυνάμεως·
2736 2648 2925 2701 ἔπειτα
2953 2648 3008 2701 δὲ
3058 2650 3152 2702 καὶ
3182 2650 3281 2720 τὴν
3325 2648 3467 2719 μετά
3511 2648 3687 2702 ταῦτα

2090 2740 2150 2806 ἐξ
2177 2742 2417 2814 ἀλλήλων
2444 2742 2652 2810 γένεσιν
2686 2740 3037 2794 κατανοοῦσιν
3063 2739 3207 2794 ἔστιν
3237 2740 3383 2803 ἰδεῖν,
3421 2741 3518 2793 καὶ
3548 2739 3685 2792 θαυ-

2094 2833 2262 2904 μάσαι
2295 2831 2575 2903 μειζόνως,
2607 2833 2689 2885 ὅτι
2718 2831 2779 2897 ἐξ
2806 2832 3099 2903 ἐλαχίστης
3132 2831 3340 2904 ρανίδος
3372 2829 3545 2901 ὑγροῦ
3588 2848 3687 2901 τη-

2090 2925 2335 2980 λικοῦτον
2367 2925 2666 2979 πλάσσεται
2696 2924 2853 2989 ζῶον.
2877 2924 3071 2979 Καίτοι
3102 2940 3164 2993 γε
3194 2926 3239 2976 εἰ
3285 2925 3341 2976 ἐν
3375 2924 3687 2994 ἐπαγγελία

2094 3020 2188 3071 καὶ
2216 3019 2374 3071 τοῦτο
2400 3012 2491 3089 ἦν,
2530 3018 2623 3071 καὶ
2659 3018 2732 3089 μὴ
2780 3016 3029 3086 ἐφαίνετο
3057 3016 3360 3087 γινόμενον,
3391 3017 3527 3069 πολὺ
3574 3016 3689 3073 τῶν

2094 3110 2266 3165 ἄλλων
2311 3106 2380 3181 ἦν
2430 3110 2819 3180 ἀπιστότερον·
2862 3108 2997 3162 ἀλλὰ
3043 3108 3151 3180 γάρ
3182 3109 3500 3180 πιστότερον
3550 3107 3690 3162 αὐτὸ

406 3196 753 3252 Surrectione
793 3196 953 3250 nobis
992 3193 1244 3249 Salvator
1290 3193 1530 3249 ostendit
1567 3191 1814 3259 eﬁectus,
1848 3206 1987 3263 quos

2095 3205 2237 3256 ποιεῖ
2256 3203 2599 3273 ἀποτέλεσμα
2618 3202 2711 3273 (8).
2742 3201 2900 3254 Ἀλλὰ
2924 3201 3027 3272 μὴν
3057 3218 3123 3253 πε
3131 3201 3184 3272 pi
3210 3200 3311 3270 τῆς
3331 3201 3689 3264 ἀναστάσεως

403 3288 568 3359 paulo
600 3295 724 3358 post
754 3287 1333 3343 commemorabimus.
1375 3286 1534 3341 Nunc
1576 3294 1760 3345 autem
1805 3286 1987 3357 possi—

405 3381 571 3436 bilem
617 3394 741 3437 esse
775 3380 962 3436 carnis
1004 3380 1469 3436 resurrectionem
1516 3379 1984 3443 demonstramus,

406 3473 479 3529 ab
511 3473 769 3530 Ecclesiae
804 3473 951 3540 ﬁliis,
988 3474 1036 3531 si
1075 3474 1239 3529 etiam
1276 3472 1606 3537 rationibus,
1645 3488 1767 3543 qua:
1806 3479 1990 3525 extra-

405 3580 526 3621 new
552 3566 807 3621 videntur
840 3574 895 3621 et
932 3566 1246 3630 mundanae,
1284 3566 1509 3629 utimur,
1541 3564 1757 3619 veniam
1788 3578 1990 3632 expos-

406 3665 618 3724 centes,
667 3660 844 3730 primo
887 3656 1286 3733 quidenibquia
1314 3656 1465 3710 nihil
1510 3655 1621 3710 Deo
1667 3664 1989 3710 extraneum

405 3760 520 3818 est,
562 3768 627 3807 ac
672 3768 741 3807 ne
782 3753 898 3824 ipse
942 3730 1163 3822 quidem
1217 3751 1483 3817 mundus;
1532 3758 1617 3805 est
1663 3749 1808 3804 enim
1842 3747 1987 3800 illius

406 3860 566 3917 opus.
612 3845 815 3902 Deinde
863 3861 993 3900 vero
1037 3846 1163 3915 quia
1208 3844 1455 3899 inﬁdeles
1501 3844 1588 3897 his
1640 3838 1988 3897 sermonibus

407 3942 822 4011 compellamus.
868 3939 1005 3995 Nam
1052 3940 1100 3996 si
1156 3938 1378 4004 ﬁdeles,
1427 3937 1562 3993 satis
1603 3943 1749 3992 esset
1806 3935 1990 3991 dicere

405 4046 510 4087 nos
534 4031 785 4098 credere;
814 4047 961 4086 nunc
991 4039 1173 4088 autem
1204 4046 1300 4101 per
1333 4029 1835 4085 demonstrationes
1860 4046 1991 4101 pro-

406 4124 601 4181 cedere
644 4130 729 4179 est
791 4123 1187 4179 necessarium.
1244 4121 1486 4177 Tametsi
1541 4120 1709 4191 igitur
1757 4121 1988 4176 antehac

405 4194 673 4289 producta
703 4224 1025 4286 argumenta
1056 4216 1191 4271 satis
1223 4215 1291 4269 ad
1320 4213 1810 4269 demonstrandum
1858 4227 1989 4282 pos-

406 4307 620 4363 sibilem
644 4321 767 4362 esse
796 4305 983 4361 carnis
1024 4305 1489 4361 resurrectionem
1528 4304 1734 4360 fuerint
1764 4308 1984 4372 idonea,

404 4408 591 4456 tamen
610 4400 680 4455 ob
711 4398 936 4453 nimiam
962 4398 1181 4453 illorum
1209 4398 1609 4465 inﬁdelitatem,
1629 4400 1842 4457 ratione
1862 4411 1988 4458 utar

405 4509 528 4565 quae
558 4494 731 4564 magis
759 4499 971 4562 urgeat,
1002 4508 1111 4546 non
1141 4507 1171 4545 a
1206 4491 1309 4547 ﬁde
1338 4492 1559 4562 quidem
1590 4494 1777 4561 ducta,
1810 4511 1839 4548 a
1878 4510 1985 4566 qua

2093 3294 2222 3365 ἡμῖν
2248 3294 2445 3359 ἔδειξεν
2491 3297 2519 3347 ὁ
2547 3295 2739 3365 Σωτὴρ
2787 3293 3223 3362 ἀποτελέσματα,
3265 3291 3301 3345 ἀ
3352 3294 3471 3362 μετ’
3502 3292 3687 3360 ὀλίγον

2093 3385 2342 3457 ἐροῦμεν.
2376 3384 2490 3438 Νῦν
2525 3385 2581 3438 δὲ
2618 3385 2679 3438 τὸ
2718 3385 2953 3455 δυνατὴν
2997 3382 3133 3437 εἶναι
3174 3383 3272 3455 τὴν
3315 3384 3417 3452 τῆς
3476 3382 3688 3454 σαρκὸς

2090 3477 2383 3530 ἀνάστασιν
2461 3477 2899 3547 ἐπιδεικνύομεν,
2960 3474 3290 3546 συγγνώμην
3367 3476 3689 3545 αἰτούμενοι

2090 3569 2243 3640 παρά
2270 3568 2375 3621 τῶν
2408 3570 2506 3639 τῆς
2532 3569 2856 3639 Ἐκκλησίας
2884 3568 3111 3631 τέκνων,
3144 3569 3192 3620 ει
3221 3567 3315 3620 καὶ
3342 3568 3451 3620 τῶν
3480 3564 3689 3631 ἔξωθεν

2090 3657 2227 3713 εἶναι
2279 3660 2582 3735 δοκούντων
2638 3661 2733 3714 καὶ
2787 3659 3069 3730 κοσμικῶν
3127 3658 3302 3726 λόγων
3356 3658 3683 3729 ἁπτόμεθα·

2091 3752 2307 3824 πρῶτον
2340 3753 2437 3823 μὲν
2465 3750 2557 3805 οὖν
2588 3752 2661 3823 (9)
2692 3754 2773 3806 ὅτι
2812 3752 2963 3805 οὐδέν
3008 3752 3156 3804 ἐστιν
3187 3750 3385 3817 ἔξωθεν
3413 3750 3507 3803 τοῦ
3542 3747 3685 3804 Θεοῦ

2089 3846 2209 3898 οὐδὲ
2254 3846 2349 3899 καὶ
2397 3846 2560 3909 αὐτὸς
2602 3846 2631 3897 ό
2679 3844 2907 3915 κόσμος·
2960 3844 3172 3914 ποίημα
3224 3842 3332 3914 γάρ
3377 3843 3525 3896 ἐστιν
3583 3843 3688 3896 αὑ-

2090 3937 2183 3990 τοῦ
2219 3938 2360 4009 (10)·
2394 3937 2643 4010 δεύτερον
2675 3938 2757 3991 ὅτι
2788 3937 2925 4008 πρὸς
2953 3936 3215 3998 ἀπίστους
3242 3935 3465 3999 τούτους
3494 3934 3687 3988 ποιού-

2094 4028 2231 4099 μεθα
2279 4030 2406 4092 τοὺς
2465 4030 2671 4097 λόγους.
2733 4030 2796 4081 Εἰ
2839 4027 2948 4100 γὰρ
3002 4027 3138 4099 πρὸς
3180 4028 3421 4090 πιστοὺς,
3470 4025 3687 4097 αὕταρ-

2092 4137 2185 4182 κες
2210 4116 2278 4191 ἦν
2307 4121 2501 4181 εἰπεῖν,
2531 4122 2614 4174 ὅτι
2658 4119 3097 4189 πεπιστεύκαμεν
3117 4136 3130 4148 ·
3163 4120 3279 4171 νυνὶ
3324 4118 3380 4171 δὲ
3406 4117 3495 4170 διὰ
3540 4120 3686 4171 ἀπο-

2088 4211 2305 4278 δείξεων
2352 4216 2549 4284 χωρεῖν
2595 4214 2909 4280 ἀναγκαῖον.
2963 4208 3145 4264 Ἱκανά
3195 4210 3292 4280 μὲν
3331 4205 3425 4261 οὖν
3472 4209 3568 4261 καὶ
3610 4210 3685 4264 τὰ

2090 4306 2463 4378 προειρημένα
2501 4308 2776 4376 τεκμήρια
2819 4304 2956 4374 πρὸς
3003 4292 3063 4355 τὸ
3091 4301 3320 4372 δυνατὴν
3375 4297 3514 4354 εἶναι
3566 4301 3682 4353 δει-

2090 4397 2274 4451 κνύειν
2300 4398 2399 4467 τὴν
2428 4397 2526 4467 τῆς
2558 4395 2757 4467 σαρκὸς
2785 4395 3102 4459 ἀνάστασιν,
3134 4393 3387 4447 ἀλλ’ἐπεὶ
3415 4391 3535 4445 λίαν
3564 4391 3682 4463 (Η)

2091 4489 2227 4541 εἰσιν
2258 4488 2497 4553 ἄπιστοι,
2530 4488 2621 4540 καὶ
2648 4484 3192 4556 ἀναγκαστικώτερον
3238 4484 3515 4555 ἐπάξομεν
3562 4482 3678 4553 (12)

405 4578 487 4641 illi
515 4596 644 4643 sunt
668 4585 936 4649 extranei,
980 4585 1075 4641 sed
1108 4585 1176 4639 ab
1207 4584 1525 4641 inﬁdelitate
1568 4601 1758 4640 eorum
1788 4596 1983 4651 matre,

2090 4579 2180 4631 τὸν
2218 4578 2395 4647 λόγον,
2440 4579 2539 4631 οὐκ
2568 4580 2633 4631 ἐκ
2661 4578 2759 4649 τῆς
2788 4578 3048 4640 πίστεως,
3082 4578 3163 4629 ὅτι
3195 4576 3269 4647 μὴ
3314 4575 3682 4645 τυγχάνουσιν

406 4694 439 4733 a
480 4680 819 4749 rationibus,
862 4680 1085 4750 inquam
1111 4718 1125 4742 ,
1174 4678 1489 4733 mundanis.
1531 4676 1667 4731 Nam
1713 4677 1758 4733 si
1801 4692 1869 4731 ex
1900 4677 1987 4732 bis

2090 4668 2241 4733 ὄντες
2282 4670 2479 4740 αὐτῆς,
2514 4670 2627 4722 ἀλλ’
2664 4670 2728 4722 ἐκ
2757 4670 2856 4741 τῆς
2886 4669 3159 4747 ἀπιστίας⁴
3187 4668 3286 4737 τῆς
3334 4666 3543 4737 μητρὸς
3579 4665 3683 4718 αῦ-

404 4770 722 4839 possibilem
753 4785 877 4825 esse
899 4769 1086 4825 carnis
1118 4768 1578 4823 resurrectionem
1610 4768 1718 4823 illis
1756 4766 1988 4823 demon-

2090 4761 2217 4823 τῶν,
2246 4760 2388 4829 λέγω
2408 4761 2472 4832 δὴ
2500 4761 2607 4815 τῶν
2628 4760 2908 4832 κοσμικῶν
2932 4761 3121 4827 λόγων.
3144 4760 3206 4811 Εἰ
3237 4758 3346 4829 γὰρ
3375 4760 3442 4811 ἐκ
3471 4757 3683 4810 τούτων

406 4868 669 4926 stramus,
705 4862 877 4916 multa
912 4877 1045 4917 sane
1074 4860 1399 4916 confusione
1425 4860 1576 4931 digni
1618 4868 1767 4924 sunt,
1796 4860 1841 4915 si
1883 4874 1986 4914 nec

2090 4853 2495 4924 ἐπιδεικνύομεν
2524 4855 2706 4917 αὐτοῖς
2735 4854 2964 4922 δυνατὴν
3010 4846 3149 4904 εἶναι
3180 4851 3277 4921 τὴν
3325 4850 3424 4920 τῆς
3475 4849 3684 4921 σαρκὸς

404 4967 492 5013 ea,
516 4966 637 5021 qua:
666 4958 795 5006 sunt
825 4951 971 5016 ﬁdei,
1004 4966 1104 5006 nec
1133 4966 1219 5017 ea,
1250 4966 1372 5021 quae
1407 4958 1537 5006 sunt
1577 4953 1789 5015 mundi,
1826 4955 1985 5023 sequi

2090 4940 2413 5009 ἀνάστασιν,
2458 4946 2658 5017 πολλῆς
2706 4945 2972 5017 δήπουθεν
3019 4942 3279 5013 αἰσχύνης
3324 4942 3463 4994 εἰσὶν
3513 4942 3677 5005 ἄξιοι,

404 5054 657 5113 possunt.

2090 5038 2139 5088 sl
2172 5038 2309 5108 μήτε
2334 5040 2446 5100 τοῖς
2467 5038 2565 5108 τῆς
2598 5036 2835 5100 πίστεως
2866 5037 3002 5107 μήτε
3029 5038 3142 5098 τοῖς
3167 5033 3260 5087 τοῦ
3303 5034 3515 5103 κόσμου
3545 5032 3683 5086 ἀκο-

2090 5127 2301 5180 λουθεῖν
2327 5127 2602 5181 δύνανται.

511 5284 558 5313 ’⁸
589 5282 786 5353 Odyss.
820 5299 880 5346 ιι,
915 5283 1040 5337 504.
1120 5284 1161 5313 ³⁷
1186 5282 1334 5336 Psal.
1367 5296 1519 5345 cxm,
1555 5280 1611 5334 6.
1688 5282 1733 5312 ’⁸
1756 5280 1902 5336 l’sal.
1938 5296 2061 5351 xcv,
2092 5283 2144 5336 5.

476 5440 551 5511 (5)
594 5439 713 5493 Τῶν·
730 5438 897 5511 ρεῶν.
926 5439 1025 5494 Ms.
1040 5436 1133 5491 τοῦ
1156 5438 1313 5490 Θεοῦ.
1330 5435 1510 5491 Monet
1530 5434 1765 5491 Grabius
1788 5435 1983 5491 deesse

2090 5437 2322 5511 tentiaru
2332 5453 2396 5511 m_
2413 5437 2617 5511 Justini
2647 5452 2714 5492 ex
2724 5436 2998 5511 _Apo_l.__i_.

404 5498 699 5583 psiafapud
730 5509 1044 5583 Homerum.
1115 5576 1257 5583 ____
1362 5577 1406 5583 __
1486 5572 1511 5583 θ
1650 5575 1662 5583 _

2156 5507 2514 5583 (θληρῷςρν
2532 5507 2651 5583 μὲν
2679 5498 2813 5561 οὗνῖ
2842 5503 3273 5583 Εςιίιίὲρίὲμεθα
3304 5498 3402 5583 ρὲῖν
3436 5503 3674 5583 πρῶἳφντ

499 5581 550 5651 6)
580 5572 806 5651 Πολλοὶ
836 5581 1080 5651 τοῂτων.
1100 5576 1257 5651 AEditi
1290 5577 1423 5651 πολὺ
1453 5572 1546 5629 οὖν
1574 5575 1797 5651 τούτων.

2098 5646 2114 5651 _
2156 5572 2270 5651 10)
2315 5572 2467 5632 Οὐδὲ
2498 5572 2701 5643 α’ὺτὸς.
2740 5616 2753 5628 .
2791 5616 2805 5629 .
2834 5572 3061 5630 αὑτοῦ(
3090 5572 3217 5629 Haac
3267 5574 3449 5630 eidem
3485 5572 3681 5629 'codici

499 5583 550 5651 6)
580 5583 806 5635 Πολλοὶ
836 5583 1080 5632 τούτων.
1115 5583 1257 5631 Editi
1290 5583 1423 5630 πολὺ
1453 5583 1546 5629 οὑν
1574 5583 1797 5629 τούτων.

474 5583 551 5719 ἓτ)
596 5650 862 5719 Ἐορτήν.
895 5649 1065 5705 Grab.
1094 5649 1313 5719 ἑαυτήν.
1347 5647 1510 5719 Fort_e
1540 5648 1591 5700 οἱ
1621 5646 1809 5719 ὀρθήν.

2156 5583 2270 5647 (ιο)
2315 5583 2365 5631 οε

2090 5646 2365 5719 debemus.

476 5656 551 5780 (7)
596 5656 862 5719 Ἐορτήν.
895 5656 1065 5705 Grab.
1094 5656 1313 5717 ἑαυτήν,
1348 5656 1510 5701 Forte
1540 5656 1591 5700 ot
1621 5656 1809 5717 ορθην.

476 5722 530 5792 (8
584 5723 783 5775 Καίτοι
817 5738 902 5790 γε.
938 5760 951 5772 .
985 5759 997 5771 .
1034 5716 1654 5792 ἀποτέλεσμαβῐοισῃι
1687 5718 1827 5769 hanc
1854 5728 1977 5792 ver—-

2090 5656 2365 5703 debemus.

2313 5717 2659 5792 Eatebxlar.
2684 5713 3014 5792 ysﬁjzst’dj)
3047 5713 3134 5766 ἂν.

401 5782 597 5847 borum
635 5782 1068 5861 complexionem
1104 5782 1473 5861 suppeditavit
1528 5786 1698 5861 codex
1740 5800 1843 5838 ms.
1881 5782 1977 5837 His

2153 5782 2269 5859 (12)
2312 5788 2656 5857 Ἐπάξομεν.
2683 5785 2825 5840 Editi
2853 5782 3167 5855 ἐπάξωμεν.

402 5871 583 5919 autem
638 5858 782 5919 inest
835 5859 1125 5917 manifesta
1180 5860 1413 5913 imitatio
1447 5858 1741 5916 verborum
1768 5863 1821 5911 et
1848 5868 1976 5911 sen-
