3974 6256
325 372 460 429 1581

1449 371 1508 428 s.
1550 371 1813 429 JUSTINI
1855 370 2308 453 FRAGMENTA.
2341 408 2359 453 ._

3439 383 3585 444 1582-

388 495 526 549 Φασὶ
543 494 720 549 τοίνυν
740 495 786 547 οἱ
809 494 903 549 τοῦ
924 494 1127 564 κόσμου
1164 492 1383 563 φυσικοὶ
1416 492 1569 562 σοφοὶ
1601 494 1895 565 λεγόμενοι,

2020 554 2025 565 ι
2077 490 2171 547 Vl.
2206 490 2375 570 Aiunt
2420 503 2553 561 ergo
2596 468 2807 562 physici
2851 489 3018 561 hujus
3054 490 3268 559 mundi,
3300 506 3442 563 quos
3492 512 3587 551 sa-

316 589 378 644 τδ
412 590 520 641 πᾶν
553 588 817 658 ὑπάρχειν
846 588 896 639 οἱ
930 587 1028 657 μὲν
1061 585 1190 657 ὕλην
1240 584 1332 638 καὶ
1370 583 1523 647 Θεὸν,
1554 585 1629 648 ὡς
1657 585 1899 657 Πλάτωνέ

317 681 368 733 οἱ
387 680 442 733 δὲ
475 678 653 749 ἄτομα
682 679 774 731 καὶ
806 678 979 741 κενὸν,
1014 677 1090 740 ὡς
1106 676 1419 745 Ἐπίκουρος
1438 693 1449 703 ·
1474 676 1523 726 οἱ
1551 675 1605 727 δὲ
1633 674 1702 728 τά
1720 676 1904 728 τέσσα-

322 790 411 843 ρα,
442 771 574 842 πῦρ,
610 770 772 841 ὕδωρ,
792 770 948 840 ἀέρα,
982 769 1107 839 γῆν,
1139 768 1327 839 ὥσπερ
1358 769 1405 819 οἱ
1428 767 1674 821 Στωϊκοί.
1724 767 1907 837 Ἀρκεῖ

318 863 427 934 γὰρ
454 861 855 932 ἐπιμνησθῆναι
883 860 990 913 τῶν
1019 860 1430 931 ὲπικρατουσῶν
1455 859 1687 929 μάλιστα
1713 860 1899 926 δοξῶν.

318 956 430 1009 Καὶ
470 957 500 1008 ὁ
547 955 643 1026 μὲν
676 953 899 1006 Πλάτων
928 952 1080 1023 φησὶ,
1117 952 1220 1005 ὑπὸ
1250 952 1342 1004 τοῦ
1373 951 1507 1003 Θεοῦ
1541 952 1608 1004 τὰ
1641 952 1815 1004 πάντα
1840 955 1906 1006 ἐκ

318 1046 420 1115 τῆς
450 1046 583 1116 ὕλης
616 1045 915 1114 γεγονέναι,
949 1046 1041 1097 καὶ
1074 1043 1216 1096 κατὰ
1267 1044 1521 1114 πρόνοιαν
1563 1042 1728 1095 αὐτοῦ
1750 1062 1762 1073 ·
1794 1046 1821 1096 ό
1848 1044 1903 1096 δὲ

331 1137 652 1208 Ἐπίκουρος
684 1137 778 1190 καὶ
808 1137 857 1189 οἱ
889 1136 1004 1206 μετ’
1033 1136 1197 1188 αὐτοῦ
1242 1136 1306 1187 ὲκ
1334 1134 1426 1186 τοῦ
1457 1134 1682 1205 ἀτόμου,
1714 1135 1806 1187 καὶ
1841 1136 1904 1190 ὲκ

318 1230 413 1283 τοῦ
447 1229 627 1293 κενοῦ,
672 1229 811 1282 κατὰ
842 1227 1177 1297 ταὺώματόν
1219 1244 1340 1281 τινα
1381 1225 1553 1297 φορὰν
1585 1228 1682 1297 τῆς
1712 1226 1904 1280 ἐκτῶν

323 1323 588 1393 σωμάτων
636 1321 870 1389 φυσικῆς
908 1321 1199 1390 κινήσεως·
1247 1322 1294 1373 οἱ
1340 1318 1396 1371 δὲ
1448 1320 1673 1371 Στωϊκοὶ
1704 1321 1768 1371 ὲκ
1795 1319 1903 1371 τῶν

318 1415 621 1485 τεσσάρων,
669 1414 947 1483 διήκοντος
992 1412 1058 1464 δι’
1093 1411 1269 1463 αὐτῶν
1310 1409 1404 1463 τοῦ
1437 1409 1593 1462 Θεοῦ.
1637 1410 1903 1481 Τοιαύτης

318 1506 377 1559 δὲ
425 1505 720 1573 διαφωνίας
764 1504 942 1557 αὐτῶν
998 1502 1185 1573 οὕσης,
1237 1502 1352 1554 ἔστι
1392 1501 1515 1555 τινὰ
1545 1500 1673 1573 παρ’
1720 1502 1904 1565 αὐτοῖς

318 1597 724 1669 ὁμολογούμενα
757 1595 911 1653 κοινά
946 1596 1193 1665 δόγματα
1225 1596 1361 1665 πρὸς
1391 1594 1642 1649 ἁπάντων
1665 1611 1677 1622 ·
1715 1594 1772 1646 ἒν
1804 1595 1900 1665 μὲν

316 1690 380 1742 τὸ
415 1691 549 1761 μήτε
581 1692 645 1743 ὲκ
675 1689 767 1742 τοῦ
806 1688 879 1759 μὴ
910 1688 1061 1749 ὄντος
1091 1686 1356 1755 γίνεσθαι,
1392 1688 1527 1757 μήτε
1559 1688 1639 1749 εἰς
1664 1687 1723 1739 τὸ
1749 1686 1822 1757 μὴ
1843 1683 1903 1737 ὃν

319 1780 646 1834 ἀναλύεσθαι
673 1781 785 1851 (15)
816 1781 910 1833 καὶ
938 1779 1293 1843 ἀπόλλυσθαι,
1323 1781 1417 1833 καὶ
1453 1779 1514 1833 τὸ
1559 1780 1627 1833 τὰ
1663 1783 1900 1850 στοιχεῖα

2007 586 2222 657 pientes
2263 590 2485 648 vocant,
2534 583 2591 637 hi
2649 583 2871 654 quidem
2929 585 3033 638 hoc
3080 584 3402 640 universum
3459 601 3584 643 esse

2007 676 2294 759 materiam
2332 682 2407 753 et;
2436 674 2629 740 Deum,
2680 682 2739 728 ut
2788 673 3082 729 Platozilli
3129 683 3341 732 atomos
3388 687 3444 732 et
3488 694 3584 734 va-

2005 783 2193 847 cuum,
2253 774 2314 849 ut
2354 765 2672 837 ‘Epicurus;
2735 766 2827 821 alii
2882 766 2999 820 haec
3048 774 3308 837 quatuor,
3375 767 3586 839 ignem,

2007 846 2227 937 aquam,
2252 846 2485 937 πειραὶ.
2523 867 2753 921 terram,
2798 869 2859 913 ut
2913 857 3107 914 Stoici.
3168 857 3382 914 Sufﬁcit
3432 861 3581 915 enim

2005 932 2326 1021 opinionum
2376 950 2613 1005 maxime
2673 950 3053 1020 prazstantium
3114 951 3453 1007 meminisse.
3518 951 3589 1006 Et

2005 1037 2161 1092 Plato
2201 1038 2421 1109 quidem
2451 1039 2584 1093 dicit
2633 1050 2830 1093 cuncta
2865 1056 2931 1094 ex
2970 1042 3197 1095 materia
3233 1057 3263 1095 a
3298 1041 3408 1097 Deo
3440 1041 3587 1098 facta

2005 1120 2149 1198 esse,
2168 1118 2218 1186 et
2248 1131 2552 1187 secundum
2579 1131 2700 1202 ejus
2723 1131 3123 1201 providentiam
3157 1152 3169 1187 :
3198 1132 3471 1203 Epicurus
3487 1151 3587 1189 au-

2005 1212 2115 1277 tem
2145 1238 2267 1277 cum
2294 1223 2411 1277 suis
2442 1238 2507 1277 ex
2540 1231 2724 1277 atomo
2762 1232 2815 1278 et
2854 1240 3048 1290 vacuo,
3090 1226 3319 1279 fortuita
3345 1226 3585 1296 quadam

2004 1315 2247 1386 ipsorum
2315 1317 2771 1386 corpusculorum
2834 1332 2932 1387 per
3001 1320 3310 1373 naturalem
3374 1331 3585 1376 motum

2004 1410 2402 1464 concursione:
2432 1407 2605 1464 Stoici
2639 1425 2768 1463 vero
2802 1426 2832 1464 e
2864 1417 3101 1479 quatuor
3123 1411 3431 1478 elementis,
3472 1414 3586 1469 Deo

2004 1488 2103 1570 per
2131 1501 2249 1572 ipsa
2281 1501 2635 1571 pervadente.
2673 1499 2823 1556 Talis
2860 1503 3025 1572 igitur
3063 1518 3187 1556 cum
3219 1503 3290 1558 sit
3320 1503 3465 1561 inter
3488 1522 3587 1561 eos

2005 1594 2396 1665 discrepantia,
2433 1595 2682 1663 quaedam
2718 1601 2902 1649 tamen
2944 1595 3257 1649 communia
3291 1604 3418 1651 sunt
3460 1613 3585 1651 om-

2005 1686 2157 1739 nium
2184 1687 2323 1741 scita
2355 1686 2501 1756 apud
2543 1687 2694 1755 ipsos
2740 1687 2795 1740 in
2838 1685 3095 1741 confesso
3122 1708 3135 1743 :
3162 1705 3329 1743 unum
3361 1691 3585 1760 quidem

2005 1778 2058 1831 id
2094 1778 2240 1847 quod
2274 1784 2379 1842 est,
2417 1793 2599 1847 neque
2629 1792 2695 1831 ex
2729 1793 2817 1844 eo,
2855 1778 3004 1848 quod
3036 1794 3146 1832 non
3175 1787 3280 1841 est.
3318 1780 3457 1846 ﬁeri,
3482 1797 3585 1836 ne-

318 1872 574 1943 ἄφθαρτα
608 1872 897 1942 ὑπάρχειν,
922 1870 978 1936 ἐξ
999 1863 1072 1923 ὧν
1108 1873 1139 1941 ἠ
1175 1870 1404 1925 ἑκάστου
1441 1870 1764 1941 πράγματος
1786 1871 1895 1941 (14)

2003 1883 2109 1938 que
2156 1867 2213 1921 in
2258 1868 2335 1933 id,
2371 1868 2517 1937 quod
2560 1882 2670 1921 non
2705 1875 2810 1932 est,
2856 1868 3084 1923 dissolvi
3136 1876 3190 1923 et
3236 1869 3495 1937 interire;
3531 1880 3587 1925 et

318 1964 533 2031 γένεσίς
561 1966 700 2019 ἐστι.
740 1962 958 2015 Τούτων
991 1958 1084 2015 οὖν
1111 1961 1283 2025 οὕτως
1306 1962 1557 2031 ἐχόντων,
1594 1961 1734 2014 κατά
1768 1960 1902 2014 πάν-

316 2074 416 2120 τας
456 2056 653 2119 αύτοὺς
699 2056 997 2125 φανήσεται
1035 2053 1236 2125 δυνατὴ
1275 2056 1308 2125 ἡ
1341 2054 1440 2123 τῆς
1478 2053 1679 2124 σαρκὸς
1728 2054 1902 2125 ὑπάρ-

318 2165 435 2219 χειν
468 2146 875 2216 παλιγγενεσία.
917 2145 1043 2199 Εἴτε
1077 2145 1185 2217 γάρ
1223 2145 1363 2198 κατὰ
1398 2144 1661 2200 Πλάτωνά
1686 2148 1833 2199 ἐστιν
1864 2148 1897 2217 ἡ

319 2238 417 2309 ὕλη
454 2239 548 2292 καὶ
581 2238 733 2302 Θεὸς,
769 2238 1058 2309 ἀμφότερα
1101 2236 1274 2289 ταῦτα
1308 2236 1589 2308 ἄφθαρτα·
1627 2237 1719 2289 καὶ
1752 2239 1779 2287 ὁ
1804 2237 1902 2306 μὲν

317 2331 449 2394 Θεὸς
482 2331 668 2400 ἐπέχει
693 2331 859 2383 τόπον
904 2331 1169 2399 τεχνίτου,
1206 2323 1315 2381 οἷον
1350 2328 1620 2382 πλάστου·
1659 2327 1766 2398 ἡδὲ
1800 2328 1901 2397 ὕλη

317 2423 505 2492 ἐπέχει
538 2421 701 2474 τόπον
751 2420 943 2492 πηλοῦ,
985 2421 1019 2491 ἢ
1062 2420 1255 2492 κηροῦ,
1292 2420 1327 2490 ἢ
1359 2420 1597 2473 τοιούτου
1631 2419 1793 2484 τινός.
1829 2420 1903 2472 Τὸ

319 2509 422 2581 μὲν
462 2506 554 2563 οὖν
592 2512 656 2563 ἐκ
700 2511 798 2581 τῆς
850 2509 981 2578 ὕλης
1021 2510 1304 2581 γινόμενον
1339 2508 1572 2579 φθαρτὸν
1606 2510 1902 2579 πλάσμα,ὁ

316 2601 596 2671 ἀνδριὰςῆ
629 2600 791 2653 εἰκών
812 2618 824 2629 ·
854 2604 886 2673 ἡ
923 2601 979 2654 δὲ
1011 2601 1109 2671 ὕλη
1151 2600 1291 2670 αὑτὴ
1344 2599 1636 2671 ἄφθαρτος,
1657 2594 1766 2653 οἷον
1798 2618 1902 2671 πη-

315 2692 427 2755 λὸς,
461 2693 495 2763 ῆ
532 2693 719 2763 κηρὸς,
759 2694 792 2764 ἢ
826 2692 953 2748 ἄλλο
998 2711 1051 2747 τι
1084 2692 1325 2747 τοιοῦτον
1360 2688 1499 2756 εἶδος
1528 2692 1679 2764 ὕλης.
1714 2693 1901 2757 Οὕτως

314 2784 347 2837 ὁ
374 2785 621 2856 πλάστης
648 2787 713 2838 ὲκ
745 2783 838 2839 τοῦ
872 2783 1043 2856 κηροῦ
1156 2783 1331 2855 πηλοῦ
1367 2785 1615 2849 πλάσσει,
1650 2785 1745 2839 καὶ
1771 2784 1901 2849 ζωο-

316 2878 463 2929 ποιεί
509 2874 648 2940 ζώου
684 2878 899 2948 μορφήν
920 2893 932 2905 ·
962 2876 1143 2940 πάλιν,
1180 2875 1275 2931 ὲάν
1306 2876 1530 2946 διαλυθῇ
1564 2876 1625 2928 τὸ
1653 2876 1898 2946 πλάσμα.

314 2966 415 3020 οὐκ
446 2966 705 3019 ἀδύνατον
737 2966 885 3037 αύτῴ
917 2968 1053 3029 ἐστι,
1083 2966 1181 3038 τὴν
1218 2966 1389 3038 αὐτὴν
1425 2964 1557 3036 ὕλην
1588 2965 1899 3036 ἀναφύραν-

312 3075 366 3111 τι
400 3058 495 3110 καὶ
546 3059 1009 3129 καινοποιήσαντι,
1054 3058 1116 3112 τὸ
1173 3058 1304 3111 αὐτὸ
1365 3057 1589 3128 πλάσμα
1651 3057 1897 3126 ποιῆσαι.

314 3148 471 3202 Οὕτω
512 3149 652 3202 κατά
702 3151 984 3213 Πλάτωνα,
1026 3150 1148 3203 οὐδὲ
1184 3149 1261 3220 τῷ
1293 3149 1411 3219 Θεῷ
1454 3148 1716 3219 ἀφθάρτῳ
1761 3148 1895 3211 ὄντι,

313 3239 591 3311 ἄφθαρτον
646 3240 820 3311 ἔχοντι
878 3242 973 3294 καὶ
1029 3243 1129 3313 τὴν
1182 3240 1313 3311 ὕλην
1358 3240 1452 3293 τοῦ
1490 3240 1549 3305 ἐξ
1581 3239 1751 3309 αὐτῆς
1781 3238 1891 3309 (15)

314 3331 605 3401 γενομένου
658 3332 972 3403 πλάσματος
1032 3331 1393 3395 διαλυθέντος,
1436 3331 1697 3385 ἀδύνατόν
1744 3332 1893 3383 ἐστιν

312 3420 800 3490 ἀνακαινοποιῆσαι
839 3422 1001 3475 πάλιν
1044 3422 1235 3493 αὐτὴν,
1288 3422 1379 3474 καὶ
1423 3421 1646 3490 ποιῆσαι
1672 3419 1734 3475 τὺ
1761 3420 1891 3473 αὐτὸ

313 3512 541 3582 πλάσμα
580 3515 761 3566 ὁποῖον
789 3509 855 3585 ἦν
888 3514 981 3566 καὶ
1022 3515 1082 3567 τὸ
1113 3515 1394 3586 πρότερον.
1438 3513 1597 3567 Ἀλλά
1626 3514 1731 3587 μὴν
1752 3514 1893 3569 κατὰ

312 3604 439 3666 τοὺς
466 3605 741 3668 Στωϊκοὺς
778 3607 842 3658 ἐκ
881 3606 979 3677 τῆς
1011 3606 1119 3659 τῶν
1145 3606 1423 3676 τεσσάρων
1459 3606 1735 3675 στοιχείων
1768 3605 1896 3680 κρά-

314 3712 452 3757 σεως
477 3696 757 3765 γινομένου
793 3695 885 3749 τοῦ
912 3695 1179 3767 σώματος,
1203 3698 1295 3750 καὶ
1318 3696 1668 3768 διαλυομένου
1702 3697 1891 3751 τούτου

311 3789 393 3849 εἰς
438 3786 507 3839 τά
558 3787 819 3859 τέσσαρα,
856 3788 1282 3859 παραμενόντων
1322 3788 1527 3841 τούτων
1579 3788 1890 3859 ἀφθάρτων,

308 3877 534 3933 δυνατόν
570 3881 684 3933 ἐστι
720 3879 881 3932 πάλιν
928 3879 995 3933 τὰ
1039 3879 1278 3950 τέσσαρα
1312 3882 1569 3951 στοιχεῖα,
1598 3880 1697 3950 τὴν
1725 3878 1893 3949 αὐτὴν

314 3968 461 4039 μίξιν
498 3970 592 4023 καὶ
622 3971 817 4042 κράσιν
851 3970 1083 4023 λαϐόντα
1120 3970 1227 4043 (16)
1260 3971 1366 4023 ἀπὸ
1401 3971 1496 4027 τοῦ
1521 3972 1796 4041 διήκοντος
1826 3970 1893 4023 δι’

308 4058 494 4111 αὐτῶν
527 4059 685 4125 Θεοῦ,
717 4061 940 4130 ποιῆσαι
984 4061 1012 4113 ὃ
1060 4062 1324 4132 πρότερον
1366 4062 1656 4130 πεποιήκει
1705 4060 1889 4129 σῶμα·

308 4150 503 4224 ὥσπερ
535 4150 591 4203 εἴ
623 4169 707 4215 τις
756 4154 820 4205 ἐκ
866 4152 1067 4222 χρυσοῦ
1102 4152 1197 4205 καὶ
1243 4151 1505 4225 ἀργύρου,
1543 4151 1635 4203 καὶ
1667 4150 1891 4220 χαλκοῦ,

308 4246 407 4298 καὶ
440 4246 763 4317 κασσιτέρου
799 4247 1014 4314 ποιήσει
1052 4242 1454 4314 μίγμα,ἕπειτα
1484 4241 1697 4313 θελήσει
1732 4242 1893 4294 πάλιν

307 4336 578 4401 διαλῦσαι,
609 4336 748 4389 ὥστε
782 4336 920 4389 κατὰ
970 4336 1103 4388 ἰδίαν
1134 4335 1365 4387 ἕκαστον
1394 4329 1564 4386 εἶναι’
1600 4334 1695 4385 καὶ
1731 4332 1894 4385 πάλιν

310 4428 493 4498 μίξας,
526 4430 573 4480 εί
608 4428 820 4498 θελήσει
852 4428 985 4498 (l7),
1017 4427 1083 4479 τὰ
1117 4426 1277 4489 αὐτὰ,
1318 4427 1532 4496 ποιήσει
1566 4424 1594 4476 ὃ
1628 4424 1893 4495 πρότερον

2006 1960 2161 2024 illud,
2198 1960 2466 2015 elementa
2498 1948 2620 2015 esse
2651 1961 2990 2030 incorrupta,
3023 1978 3087 2017 ex
3136 1962 3337 2032 quibus
3369 1965 3447 2018 rei
3482 1979 3585 2019 cu-

2000 2051 2204 2122 jusque
2255 2052 2315 2105 ﬁt
2368 2053 2672 2123 generatio.
2707 2052 2805 2109 llis
2859 2069 2991 2124 ergo
3026 2054 3102 2107 ita
3135 2070 3193 2109 se
3226 2054 3582 2120 habentibus,

2004 2144 2286 2213 possibilis
2328 2144 2472 2214 apud
2522 2145 2646 2200 illos
2681 2160 2872 2200 omnes
2907 2146 3191 2216 apparebit
3219 2147 3401 2202 carnis
3430 2162 3587 2217 rege-

2003 2233 2239 2289 neratio.
2280 2233 2406 2291 Sive
2435 2236 2580 2289 enim
2617 2237 2689 2289 sit
2721 2235 2949 2290 materia
2982 2244 3035 2293 et
3066 2235 3209 2291 Deus
3242 2252 3305 2290 ex
3339 2236 3585 2294 Platonis

2005 2327 2275 2381 sententia
2298 2370 2313 2394 ,
2340 2336 2635 2401 utrumque
2667 2329 3044 2398 incorruptum
3076 2344 3172 2383 :ac
3197 2328 3341 2385 Deus
3364 2330 3584 2401 quidem

2004 2415 2242 2470 artiﬁcis
2284 2416 2463 2470 locum
2506 2424 2677 2481 tenet,
2714 2424 2845 2487 puta
2897 2416 3140 2482 lictoris;
3175 2419 3402 2471 materia
3456 2433 3586 2471 vero

2003 2508 2185 2564 locum
2238 2507 2340 2562 luti
2392 2516 2485 2562 ant
2538 2525 2697 2575 cerae,
2730 2516 2823 2562 aut
2881 2509 3006 2563 talis
3061 2509 3390 2578 cujuspiam.
3428 2509 3587 2574 Quod

2002 2600 2171 2673 igitur
2196 2616 2226 2654 e
2258 2602 2487 2655 materia
2526 2600 2846 2671 ﬁgmentum
2882 2600 3085 2655 factum
3116 2609 3220 2666 est,
3252 2618 3348 2657 seu
3380 2609 3583 2666 statua,

2003 2708 2099 2748 seu
2125 2693 2325 2763 imago,
2362 2693 2703 2764 corruptioni
2737 2693 3033 2747 obnoxium
3059 2700 3174 2759 est;
3205 2693 3431 2747 materia
3455 2708 3587 2748 vero

2004 2783 2144 2853 ipsa,
2173 2793 2233 2839 ut
2263 2786 2439 2840 lutum
2476 2792 2570 2838 aut
2618 2800 2764 2848 cera,
2797 2786 2978 2840 aliave
3013 2786 3138 2841 talis
3172 2787 3384 2855 species
3413 2794 3589 2839 mate-

2002 2877 2118 2938 ria},
2153 2876 2494 2946 incorrupta.
2534 2878 2613 2929 lta
2666 2876 2822 2930 ﬁctor
2850 2893 2915 2931 ex
2948 2891 3074 2930 cera
3128 2886 3222 2929 aut
3266 2878 3381 2930 luto
3434 2875 3588 2946 ﬁngit

2002 2976 2057 3021 et
2084 2966 2153 3021 ad
2180 2969 2365 3022 vivum
2398 2968 2630 3022 formam
2665 2968 2923 3039 exprimit
2963 2968 3215 3022 animalis
3247 2988 3258 3021 :
3286 2983 3587 3037 rursusque

2004 3058 2051 3113 si
2086 3059 2405 3130 ﬁgmentum
2429 3059 2761 3114 dissolutum
2792 3058 2979 3123 fuerit,
3018 3062 3067 3113 ei
3099 3073 3443 3129 nequaquam
3482 3058 3587 3113 im-

2003 3151 2268 3219 possibile
2297 3150 2402 3205 eri‘t
2439 3150 2687 3204 eamdem
2714 3148 2971 3203 miscenti
3000 3162 3064 3201 ac
3092 3149 3378 3202 renovanti
3410 3156 3588 3202 mate-

2002 3242 2163 3307 riam,
2206 3242 2524 3313 ﬁgmentum
2582 3239 2727 3294 idem
2782 3237 3029 3293 reﬁcere.
3067 3238 3250 3304 Quare
3283 3240 3585 3295 secundum

2001 3332 2307 3397 Platonem,
2334 3349 2512 3403 neque
2544 3331 2675 3396 Deo,
2710 3332 2801 3401 qui
2827 3331 3184 3399 incorruptus
3206 3338 3291 3385 est
3319 3339 3371 3386 et
3402 3332 3585 3385 incor-

2003 3433 2221 3497 ruptam
2267 3425 2432 3479 habet
2482 3424 2789 3489 materiam,
2841 3421 3001 3493 592
3058 3422 3401 3492 impossibile
3454 3423 3583 3488 erit,

2001 3526 2293 3591 postquam
2330 3518 2535 3572 factum
2570 3532 2636 3572 ex
2666 3532 2729 3571 ea
2756 3517 3075 3587 ﬁgmentum
3106 3516 3431 3570 dissolutum
3462 3515 3587 3571 fue-

2000 3612 2094 3676 rit,
2117 3627 2236 3665 eam
2268 3625 2556 3673 renovare,
2590 3624 2655 3663 ac
2690 3610 3009 3680 ﬁgmentum
3047 3608 3212 3670 idem,
3244 3606 3405 3677 quale
3426 3607 3587 3678 prius

2000 3703 2199 3768 fuerat,
2236 3705 2569 3759 instaurare.
2609 3701 2717 3758 Sed
2741 3712 2795 3759 et
2817 3702 3120 3758 secundum
3167 3700 3409 3768 Stoicos,
3452 3718 3579 3757 cum

1999 3810 2201 3864 corpus
2229 3810 2259 3850 e
2288 3802 2527 3864 quatuor
2570 3794 2968 3849 elementorum
3017 3792 3401 3848 commistione
3463 3792 3581 3846 for-

1997 3892 2205 3939 matum
2255 3883 2444 3951 fuerit,
2480 3884 2527 3939 si
2559 3884 2614 3937 in
2645 3884 2739 3938 illa
2769 3890 3005 3953 quatuor
3036 3884 3342 3938 resolutum
3388 3880 3579 3948 fuerit,

1996 3976 2336 4047 incorruptis
2360 3976 2468 4031 illis
2501 3976 2951 4043 remanentibus;
2986 3974 3249 4047 possibile
3276 3982 3363 4030 est
3384 3990 3583 4031 rursus

1998 4074 2235 4135 quatuor
2266 4065 2559 4127 elementa,
2591 4064 2839 4119 eamdem
2871 4065 3309 4119 commistionem
3344 4078 3409 4119 ac
3442 4070 3583 4118 tem-

1997 4166 2375 4228 peramentum
2409 4170 2440 4208 a
2470 4154 2581 4209 Deo
2608 4155 2945 4226 pervadente
2990 4156 3339 4226 accipientis,
3368 4153 3584 4209 efﬁcere

1998 4248 2053 4303 id
2087 4246 2235 4318 quod
2262 4248 2417 4318 prius
2449 4246 2697 4302 fecerant
2725 4262 2928 4317 corpus
2964 4266 2979 4301 :
3010 4246 3499 4316 quemadmodum,
3533 4247 3579 4301 si

1996 4339 2121 4408 quis
2146 4353 2211 4393 ex
2248 4353 2384 4391 auro
2414 4344 2469 4393 et
2515 4349 2741 4409 argento
2782 4345 2837 4391 et
2869 4353 2977 4391 aere
3014 4344 3068 4391 et
3110 4344 3307 4392 stanno
3355 4336 3580 4389 mistum

1996 4427 2221 4498 aliquod
2262 4427 2448 4491 faciat,
2482 4443 2547 4483 ac
2577 4428 2777 4482 deinde
2813 4428 2945 4483 velit
2985 4427 3118 4481 illud
3153 4426 3477 4490 dissolvere,
3503 4425 3582 4478 ita

307 4522 601 4589 πεποιήκει
636 4520 693 4585 ἐξ
734 4520 911 4573 αὐτῶν
947 4520 1145 4589 μίγμα.
1180 4519 1291 4571 Καὶ
1325 4518 1465 4570 κατὰ
1512 4516 1603 4569 τὸν
1637 4516 1891 4569 Ἐπίκου-

2002 4529 2056 4573 ιιι
2095 4535 2267 4573 unum
2311 4520 2570 4589 quodque
2602 4534 2851 4575 seorsum
2900 4519 3164 4584 exsistat;
3196 4532 3503 4587 rursusque
3529 4518 3578 4572 si

309 4628 403 4682 ρον
432 4611 509 4675 δὲ,
552 4611 659 4664 τῶν
688 4612 903 4682 ἀτόμων
940 4611 1233 4682 ἀφθάρτων
1264 4608 1437 4662 οὐσῶν
1471 4607 1682 4661 καὶτοῦ
1712 4607 1889 4673 κενοῦ,

305 4702 460 4774 παρά
492 4704 590 4777 τὴν
626 4704 782 4757 ποιὰν
818 4703 970 4769 τάξιν
1012 4702 1275 4756 καὶθέσιν
1306 4703 1412 4754 τῶν
1447 4701 1667 4771 ἀτόμων
1699 4716 1889 4752 συντε-

306 4792 572 4862 θειμένων
620 4794 827 4861 γίνεται
880 4795 948 4847 τά
1002 4810 1061 4845 τε
1115 4792 1248 4846 ἄλλα
1301 4792 1649 4862 συγκρίματα
1706 4790 1893 4842 καὶτὸ

306 4884 494 4954 σῶμα·
522 4885 697 4955 χρόνῳ
718 4886 772 4938 δὲ
794 4885 1137 4954 διαλυόμενον
1161 4883 1293 4953 (18),
1323 4883 1595 4935 διαλύεται
1621 4881 1783 4933 πάλιν
1811 4883 1889 4944 εἰς

301 4974 403 5037 τὰς
462 4977 717 5045 ἀτόμους,
754 4976 811 5041 ἐξ
868 4970 941 5028 ὧν
998 4977 1090 5027 καὶ
1146 4975 1379 5042 ἐγένετο.
1432 4975 1646 5027 Τούτων
1699 4992 1889 5045 μενου-

305 5065 415 5119 σῶν
452 5066 562 5137 (19)
596 5066 909 5138 ἀφθάρτων,
941 5066 1090 5118 οὐδὲν
1120 5066 1378 5118 ἀδύνατόν
1416 5067 1552 5130 ἐστι,
1604 5065 1890 5119 συνελθου-

374 5220 489 5291 (15)
536 5221 920 5291 Ἀναλύεσθαι
959 5220 1056 5272 καὶ
1100 5219 1504 5272 ἀπόλλυσθαι.
1553 5218 1654 5274 Ms.
1697 5220 1777 5282 εἱς
1822 5220 1889 5272 τὸ

304 5291 382 5364 μὴ
410 5291 471 5364 δν
500 5290 853 5364 ἀπόλλυσθαι.

374 5356 487 5431 (14)
517 5360 887 5428 Πράγματος.
926 5358 1087 5414 Deest
1118 5374 1182 5413 ea
1210 5374 1311 5412 vox
1343 5359 1396 5411 in
1446 5356 1570 5411 cod.
1615 5374 1720 5412 ms.
1758 5357 1880 5413 Mox

300 5430 446 5486 idem
481 5431 688 5483 τούτων
717 5432 915 5483 τοίνυν.

373 5500 488 5569 (15)
531 5500 623 5563 Ἐξ
658 5499 868 5568 αὐτῆς.
896 5499 1032 5553 Male
1062 5498 1115 5551 in
1151 5498 1313 5553 editis
1352 5497 1409 5563 ἐξ
1442 5496 1626 5569 αύτοῦ.

367 5568 482 5641 (16)
515 5571 804 5641 Λᾳόόντα.
869 5570 1011 5641 Editi
1058 5569 1421 5641 λαμϐάνοντα.
1485 5568 1625 5641 ΜψιΔ
1654 5584 1720 5623 ex
1768 5584 1877 5641 _ms.

298 5638 489 5763 ρ]οάἱώ
544 5640 894 5709 desumptum
947 5640 1079 5693 illud
1112 5640 1179 5692 δι’
1214 5639 1415 5701 αὐτῶν,
1438 5640 1584 5707 quod
1614 5638 1668 5691 in
1718 5638 1881 5693 editis

336 5718 508 5763 eerat.

336 5718 508 5764 eerat.

370 5781 486 5850 (17)
521 5782 591 5834 El
624 5777 883 5846 θελήσει.
914 5778 1037 5837 llac
1060 5781 1346 5852 desumpta
1380 5795 1445 5835 ex
1481 5778 1602 5835 cod.
1624 5794 1727 5835 ms.
1759 5778 1878 5835 Mox

1990 4612 2142 4675 velit,
2178 4610 2366 4665 eadem
2408 4612 2797 4676 commiscens,
2857 4610 3001 4664 idem
3056 4625 3120 4664 ex
3173 4610 3281 4664 illis
3349 4610 3579 4667 mistum

1991 4702 2177 4767 faciet,
2198 4702 2342 4772 quod
2371 4710 2496 4757 ante
2528 4702 2859 4757 confecerat.
2892 4700 3097 4756 Deinde
3122 4700 3423 4755 secundum
3450 4699 3580 4769 Epi-

1990 4809 2209 4859 curum,
2245 4809 2370 4848 cum
2406 4795 2571 4848 atomi
2619 4801 2672 4848 et
2704 4808 2939 4847 vacuum
2974 4793 3292 4860 incorrupta
3328 4791 3475 4857 sint,
3508 4806 3577 4844 ex

1993 4887 2192 4940 atomis
2232 4894 2383 4940 certo
2435 4886 2627 4940 ordine
2679 4893 2733 4940 et
2785 4887 2893 4940 situ
2927 4884 3269 4953 compositis,
3302 4899 3426 4937 cum
3457 4882 3579 4935 aliae

1993 4977 2374 5031 concretiones
2402 4976 2561 5040 ﬁunt,
2588 4986 2703 5030 tum
2725 4978 2887 5031 etiam
2907 4990 3109 5044 corpus
3135 4993 3147 5027 :
3172 4973 3318 5043 quod
3351 4973 3574 5043 quidem

1993 5075 2239 5138 tempore
2289 5069 2621 5123 dissolutum
2675 5069 2971 5123 resolvitur
3000 5068 3055 5121 in
3088 5066 3309 5123 easdem
3336 5074 3574 5131 atomos,

1991 5221 2161 5295 i_de_rn_
2200 5224 2445 5295 ποιῆσαι,
2497 5222 2597 5295 sed
2646 5224 3001 5279 scribendum
3047 5223 3268 5279 videtur
3319 5225 3569 5290 ποιήσαι.

1994 5290 2255 5366 Spicileg.
2292 5290 2523 5366 ποιήσῃ.
2552 5293 2803 5347 Parallel.
2832 5296 3066 5366 nomen:

2062 5361 2174 5431 (18)
2203 5352 2420 5431 Χρόνρί
2464 5352 2532 5417 δὲ
2593 5352 3011 5446 διαλρόμενόν.
3048 5362 3191 5416 Editi
3243 5360 3419 5445 χρόνῳ
3451 5362 3576 5483 ὁμὲν

2062 5433 2354 5483 ιλυόιιενον.
2378 5435 2549 5483 Paulo
2573 5444 2698 5483 nost
2731 5435 2871 5483 idem
2904 5433 3059 5483 τάξιν
3089 5434 3182 5483 καὶ
3205 5431 3352 5483 θεσιν
3381 5432 3448 5483 λα
3485 5433 3573 5483 όν-

1986 5431 2354 5504 διαλυόμενον.
2378 5435 2549 5491 Paulo
2573 5444 2698 5505 post
2730 5431 2871 5489 idem
2904 5433 3059 5498 τάξιν
3089 5431 3352 5486 καὶθέσιν
3381 5431 3573 5486 λαϐόν-

1984 5518 2076 5564 τες
2108 5513 2162 5557 et
2194 5505 2442 5572 συνάγων
2465 5506 2566 5562 οὐκ
2598 5506 2940 5573 ἀδυνατήσει.

2060 5573 2170 5645 (19)
2203 5570 2584 5629 Μένοὺσῶν.
2616 5574 2691 5629 Ex
2724 5570 3025 5629 mutatione
3049 5574 3161 5629 fere
3204 5573 3352 5645 nulla
3397 5570 3570 5623 divise

1988 5643 2197 5718 scripsi
2242 5645 2532 5718 leCtiqnem
2561 5647 2837 5718 vulgatam
2872 5645 3171 5716 μενουσῶν,
3203 5643 3367 5699 etiam
3401 5654 3570 5715 supra

1986 5715 2113 5781 ἁφθ.
2149 5715 2339 5772 οὐσῶν.
2379 5713 2559 5772 Οττο.
