3974 6256
398 376 543 438 1583

1622 384 1987 445 APPENDIX.
2030 420 2093 430 —-
2137 387 2321 445 PARS
2359 388 2421 446 ll.

3534 394 3675 451 εδει

390 494 697 566 exquibus
744 493 952 553 factum
1005 497 1205 557 fuerat.
1244 498 1342 557 llis
1386 508 1570 558 autem
1616 506 1961 563 manentibus

2076 506 2186 563 σῶν
2220 510 2383 565 πάλιν
2411 511 2505 564 xui
2530 510 2630 582 τὴν
2659 511 2831 583 αὑτὴν
2863 510 3011 564 θέσιν
3041 512 3138 565 xui
3166 509 3322 575 τάξιν
3361 509 3672 574 λαὸουσῶν,

392 586 727 659 incorruptis
746 588 1083 660 impossibile
1106 606 1217 647 non
1246 600 1332 648 est
1361 602 1422 648 ut
1441 605 1665 650 rursum
1695 606 1977 663 coeuntes,

391 696 459 736 ac
497 683 753 738 eumdem
787 684 1036 739 ordinem
1077 694 1133 741 et
1164 687 1331 743 situm
1361 690 1721 760 accipientes,
1753 708 1976 763 corpus,

389 773 540 845 quod
568 788 637 829 ex
660 775 741 830 eis
767 774 968 831 factum
996 775 1197 845 fuerat,
1231 779 1471 835 eiiiciant
1496 781 1643 837 idem
1674 792 1728 839 et
1763 786 1974 841 simile:

389 869 539 927 sicut
588 867 637 922 si
688 870 1030 927 tessel‘larius
1058 886 1128 925 ex
1161 875 1451 930 tesserulis
1510 875 1678 947 ﬁngat
1723 878 1978 935 animalis

389 957 657 1029 formam;
710 962 907 1019 deinde
956 963 1066 1019 illis
1099 966 1242 1019 vela
1280 976 1546 1038 tempore,
1584 960 1669 1023 vel
1705 970 1775 1024 ab
1828 971 1977 1041 ipso-

386 1057 501 1106 niet
533 1050 838 1118 dissolutis,
894 1054 1123 1110 easdem
1173 1057 1453 1127 dispersas
1485 1058 1791 1131 recnlligat,
1828 1060 1976 1117 haud

386 1144 469 1201 illi
501 1147 850 1218 impossibile
884 1146 1070 1214 fuerit,
1125 1150 1235 1207 illis
1287 1152 1536 1208 collectis
1579 1168 1643 1208 ac
1700 1155 1973 1224 similiter,

386 1246 449 1296 ut
503 1244 689 1312 prius,
746 1239 1068 1310 dispositis,
1120 1243 1370 1298 eamdem
1421 1245 1677 1302 animalis
1736 1244 1974 1301 formam

384 1340 804 1402 repracsentare.
836 1332 907 1385 At
939 1330 1085 1388 Deus
1116 1332 1387 1389 dissoluta
1418 1350 1447 1387 a
1481 1350 1541 1390 se
1569 1334 1806 1389 invicem
1844 1351 1972 1390 car-

384 1425 474 1481 nis
516 1426 765 1481 membra
816 1426 1100 1497 colligens,
1144 1442 1256 1482 non
1302 1428 1504 1498 poterit
1535 1443 1738 1499 corpus
1793 1428 1974 1485 facere

383 1518 527 1574 idem
553 1520 623 1585 ei,
649 1520 796 1591 quod
821 1520 977 1590 prius
1001 1520 1249 1575 fecerat?

454 1611 567 1669 νη.
602 1611 679 1667 Ac
714 1612 1034 1683 possibilem
1064 1611 1290 1683 quidem
1324 1624 1448 1665 esse
1479 1612 1665 1666 carnis
1729 1622 1974 1670 resurre-

383 1698 643 1765 ctionem,
678 1704 863 1758 satisa
904 1719 991 1759 me
1014 1712 1209 1758 contra
1275 1701 1528 1757 inﬁdeles
1576 1702 1688 1773 (22)
1737 1703 1971 1759 demou-

380 1799 638 1849 stratum.
669 1792 823 1860 Quod
861 1794 908 1848 si
940 1809 1009 1850 ex
1038 1794 1343 1851 infidelium
1371 1796 1642 1851 sententia
1684 1811 1794 1851 non
1818 1797 1969 1852 inve-

2084 603 2309 673 ποιῆσαι
2348 602 2378 655 ὃ
2430 601 2696 674 πρότερον
2743 603 2981 671 ἐγεγόνει
3030 602 3090 668 ἐξ
3135 602 3318 656 αὐτῶν
3358 601 3541 671 σῶμα,
3577 604 3679 656 καὶ

2084 695 2270 764 ὅμοιον
2291 711 2303 723 ·
2339 692 2529 765 ὥσπερ
2575 693 2630 745 εί
2664 710 2747 757 τις
2786 693 3099 764 ψηφοθέτης
3125 696 3190 746 ὲκ
3228 694 3425 763 ψήφων
3454 695 3676 762 ποιήσει

2084 784 2226 849 ζώου
2263 786 2497 857 μορφὴν,
2548 784 2738 837 ἔπειτα
2784 785 2989 838 τούτων
3022 786 3130 839 ἀπὸ
3166 786 3360 856 χρόνου
3387 784 3645 837 διαλυθέν
3658 818 3677 825 ιο

2080 894 2208 941 των,
2242 879 2275 949 ἢ
2325 879 2415 931 ὑπ’
2448 877 2614 931 αὑτοῦ
2660 876 2755 931 τοῦ
2795 880 3137 950 ποιήσαντος,
3172 879 3271 941 τὰς
3309 878 3483 940 αὑτὰς
3528 878 3674 948 ἔχων

2079 969 2295 1041 ψήφους
2332 969 2773 1041 ὲσκορπισμένας
2824 970 3108 1041 συναγάγῃ
3156 969 3292 1040 (20),
3326 970 3427 1021 οὐκ
3470 969 3674 1021 ἀδυνα-

2078 1063 2232 1134 τήσει
2274 1061 2531 1128 συλλέξας
2572 1061 2764 1127 αὐτὰς,
2801 1062 2896 1115 xui
2935 1062 3139 1125 διαθεὶς
3171 1062 3398 1131 ὁμοίιος,
3437 1061 3673 1130 ποιῆσαι

2076 1152 2137 1205 τὸ
2177 1152 2308 1205 αὐτὸ
2352 1148 2491 1217 εἶδος
2538 1152 2633 1206 τοῦ
2669 1152 2829 1218 ζώου.
2871 1154 2929 1205 Ὀ
2971 1153 3027 1206 δὲ
3071 1153 3205 1215 Θεὸς
3236 1152 3577 1207 ἀναλυθέντα
3603 1153 3674 1205 τὰ

2081 1244 2215 1315 μέλη
2261 1246 2361 1316 τῆς
2403 1247 2605 1317 σαρκὸς
2644 1247 2739 1299 ἀπ’
2770 1246 3016 1317 ἀλλήλων
3070 1247 3132 1299 οὑ
3173 1247 3460 1316 δυνήσεται
3500 1245 3671 1297 πάλιν

2079 1336 2328 1405 συνάγων
2362 1338 2475 1408 (21)
2512 1338 2736 1409 ποιῆσαι
2769 1339 2831 1392 τὸ
2853 1340 2986 1392 αὐτὸ
3016 1339 3092 1409 τῷ
3122 1340 3389 1410 πρότερον
3415 1339 3671 1408 γεγονότι

2034 1444 2037 1445 ⁷
2076 1428 2167 1480 ὑπ’
2196 1430 2361 1483 αὑτοῦ
2392 1429 2636 1501 σώματις

2158 1610 2317 1664 ,Αλλὰ
2351 1609 2459 1682 γὰρ
2483 1611 2511 1663 ὁ
2545 1612 2644 1681 μὲν
2682 1611 2811 1681 περὶ
2842 1610 2936 1665 τοῦ
2969 1612 3201 1683 δυνατὴν
3246 1606 3386 1664 εἶναι
3418 1611 3520 1682 τὴν
3562 1610 3670 1680 τῆς

2075 1703 2277 1773 σαρκὸς
2326 1702 2621 1757 ἀνάστασιν
2682 1703 2863 1767 ἱκανὸς
2916 1704 3292 1759 ἀποδέδεικταί
3349 1722 3441 1775 μοι
3504 1704 3667 1771 λόγος

2074 1794 2214 1847 κατά
2259 1794 2386 1857 τοὺς
2426 1792 2694 1857 ὲθνικούς.
2739 1795 2803 1847 Εἰ
2846 1794 2903 1849 δὲ
2934 1795 3077 1849 κατά
3106 1796 3236 1860 τοὺς
3263 1796 3531 1859 ἀπίστους
3562 1798 3666 1866 οὐχ

378 1886 529 1941 nitur
556 1886 919 1958 impossibilis
953 1903 1079 1943 esse
1108 1888 1296 1945 carnis
1341 1888 1720 1948 resurrectio:
1756 1898 1961 1960 quanto

2070 1886 2381 1959 εὑρίσκεται
2426 1884 2689 1950 ἀδύνατος
2730 1888 2765 1957 ἡ
2794 1886 3088 1951 ἀνάστασις
3121 1889 3223 1959 τῆς
3260 1888 3483 1960 σαρκὸς,
3508 1888 3667 1957 πόσῳ

380 1979 557 2050 magis
583 1977 885 2035 secundum
926 1978 1150 2034 ﬁdeles?
1180 1979 1384 2036 Deinde
1412 1995 1578 2051 porro
1619 1995 1803 2037 sermo
1832 1983 1968 2039 mihi

380 2070 453 2127 ad
484 2086 579 2129 eos
612 2072 1017 2128 convertendus
1047 2080 1152 2139 est,
1193 2072 1285 2143 qui
1319 2087 1544 2129 carnem
1575 2074 1865 2141 infamant,
1903 2091 1968 2132 ac

378 2164 604 2236 dignam
629 2181 741 2221 non
773 2180 897 2221 esse
928 2164 1123 2219 dicunt
1159 2167 1589 2232 resurrectione,
1622 2182 1726 2224 nec
1753 2168 1967 2223 caelesti

376 2257 600 2313 civitate
624 2276 640 2312 :
671 2258 907 2329 primum
930 2257 1152 2328 quidem
1175 2258 1305 2328 quia
1333 2259 1642 2314 substantia
1671 2260 1791 2329 ejus
1817 2268 1966 2316 terra

375 2359 496 2418 est;
534 2350 736 2405 deinde
791 2350 1054 2421 quoniam
1107 2350 1352 2420 peccatis
1405 2358 1491 2408 est
1548 2354 1731 2423 plena,
1778 2353 1855 2409 ita
1905 2360 1966 2409 ut

373 2443 616 2497 animam
650 2458 870 2514 quoque
916 2458 1107 2499 secum
1166 2460 1395 2514 peccare
1446 2453 1628 2517 cogat.
1694 2445 1965 2503 Videntur

373 2544 560 2592 autem
604 2536 698 2591 isti
751 2535 1010 2607 ignorare
1045 2534 1367 2591 universam
1429 2535 1527 2592 Dei
1585 2537 1960 2607 operationem

372 2640 427 2686 et
480 2629 719 2702 primam
766 2629 1007 2683 hominis
1065 2628 1405 2685 creationem
1460 2637 1514 2685 et
1547 2629 1956 2698 formationem,

368 2733 423 2779 ct
477 2739 541 2779 ea
595 2738 717 2794 quae
769 2723 827 2776 in
882 2722 1089 2777 mundo
1140 2729 1268 2777 sunt
1331 2737 1565 2792 quorum
1624 2738 1791 2779 causa
1850 2725 1961 2781 sint

368 2814 540 2870 facta.
592 2815 795 2868 Annon
852 2814 1001 2869 enim
1070 2813 1207 2868 dicit
1258 2812 1598 2885 Scriptura:
1664 2813 1958 2871 Faciamus

368 2906 632 2960 hominem
674 2903 744 2959 ad
785 2906 1069 2976 imaginem
1094 2916 1143 2960 et
1178 2906 1587 2961 similitudinem
1618 2916 1858 2962 nostram
1880 2909 1961 2963 “‘2

367 2996 581 3063 Quem?
640 2996 919 3051 Carneum
978 2996 1237 3053 videlicet
1304 2998 1582 3053 hominem
1646 2998 1804 3055 dicit.
1866 3000 1959 3054 Ait

366 3089 515 3147 enim
582 3088 918 3160 Scriptura:
983 3087 1055 3141 Et
1120 3090 1323 3159 accepit
1377 3088 1520 3145 Deus
1574 3090 1837 3160 pulverem
1893 3090 1958 3145 de

367 3183 861 3254 terra,et[armavit
888 3182 1152 3237 hominem
1177 3184 1243 3236 ³ο.
1276 3182 1639 3254 Perspicuum
1670 3185 1838 3256 igitur
1870 3191 1956 3240 est

366 3275 686 3341 hominem,
752 3277 847 3347 qui
870 3275 1143 3331 formatus
1204 3283 1289 3331 est
1344 3276 1412 3331 ad
1469 3276 1765 3348 imaginem
1822 3276 1953 3343 Dei,

364 3368 538 3426 fuisse
582 3385 865 3425 carneum.
914 3369 999 3424 Ad
1048 3370 1165 3424 haec
1204 3369 1480 3439 quomodo
1512 3386 1623 3425 non
1653 3371 1957 3426 absurdam

364 3464 436 3519 sit
464 3464 651 3520 dicere
704 3478 954 3530 carnem,
981 3478 1105 3534 qua:
1133 3476 1165 3517 a
1202 3461 1314 3517 Deo
1349 3462 1418 3517 ad
1449 3462 1744 3534 imaginem
1780 3463 1957 3534 ipsius

364 3556 599 3611 formata
651 3564 758 3621 est,
817 3555 982 3611 vilem
1026 3570 1152 3611 esse
1187 3570 1252 3611 ac
1282 3556 1483 3611 nihili?
1512 3555 1682 3627 Atqui
1731 3572 1956 3611 carnem

364 3663 479 3704 rem
514 3663 639 3704 esse
674 3648 820 3719 apud
855 3646 1027 3702 Deum
1067 3647 1369 3718 pretiosam
1418 3650 1557 3703 satis
1614 3647 1805 3718 liquet,
1842 3649 1959 3720 pri-

362 3754 514 3795 mum
546 3738 770 3809 quidem
807 3737 955 3809 quod
991 3738 1061 3793 ab
1090 3738 1212 3809 ipso
1242 3736 1480 3793 formata
1532 3738 1629 3805 sit,
1678 3737 1954 3809 siquidem

362 3830 547 3904 imago
579 3830 757 3886 fictori
791 3830 1102 3901 pictorique
1132 3845 1235 3886 suo
1268 3837 1425 3901 grata
1482 3839 1600 3900 est;
1661 3830 1861 3887 deinde
1899 3830 1955 3886 id

360 3940 581 3997 quoque
626 3942 695 3981 ex
750 3932 948 3981 caetero
995 3923 1189 3980 mundi
1239 3925 1461 3995 opiﬁcio
1490 3940 1727 3998 pronum
1761 3932 1847 3981 est
1875 3924 1957 3979 di-

361 4034 540 4076 scere.
564 4016 703 4072 Num
753 4015 918 4088 cujus
962 4030 1131 4071 causa
1180 4016 1394 4088 reliqua
1427 4016 1570 4073 facta
1600 4023 1750 4086 sunt,
1792 4017 1846 4073 id
1876 4018 1950 4089 ei,

360 4113 455 4186 qui
490 4113 643 4178 fecit,
676 4112 924 4166 omnium
947 4117 1031 4166 est
1059 4110 1474 4166 charissimum.

432 4204 593 4277 593
637 4202 773 4258 Vlll.
825 4204 1008 4268 Certe,
1054 4202 1332 4273 inquiunt.
1368 4200 1439 4255 At
1488 4215 1621 4257 caro
1670 4200 1952 4273 peccatrix

356 4305 465 4361 est,
498 4294 634 4352 adeo
666 4302 725 4348 ut
758 4294 997 4348 animam
1028 4307 1249 4364 quoque
1281 4281 1727 4361 secum‘peccare
1767 4298 1947 4361 cogat.

2075 1978 2274 2048 μᾶλλον
2312 1978 2453 2031 κατὰ
2495 1980 2624 2041 τοὺς
2659 1978 2920 2045 πιστούςς
2969 1978 3127 2050 Ἑξῆς
3168 1980 3225 2032 δὲ
3256 1978 3475 2031 λεκτέον
3522 1977 3665 2047 πρὸς

2069 2073 2197 2135 τοὺς
2251 2070 2616 2143 ἀτιμάζοντας
2670 2072 2769 2143 τὴν
2829 2072 3027 2143 σάρκα,
3063 2072 3158 2125 καὶ
3214 2072 3523 2140 φάσκοντας
3582 2070 3661 2139 μὴ

2069 2163 2225 2227 ἀξίαν
2253 2158 2393 2216 εἶναι
2432 2162 2534 2233 τῆς
2582 2164 2949 2226 ἀναστάσεως.
2988 2163 3122 2235 μηδὲ
3154 2162 3256 2232 τῆς
3282 2161 3535 2233 οὐρανίου
3569 2178 3648 2213 πο

2068 2253 2273 2318 λιτείας
2313 2255 2460 2325 (25)·
2506 2256 2590 2308 ὅτι
2635 2254 2851 2327 πρῶτον
2897 2256 3068 2325 αὐτῆς
3107 2256 3255 2307 ἐστιν
3290 2256 3324 2323 ἡ
3372 2252 3532 2306 ουσία
3560 2253 3659 2323 γῆ,

2072 2348 2368 2419 μετέπειτα
2395 2346 2489 2401 καὶ
2524 2347 2697 2419 μεστὴ
2729 2347 2917 2416 γέγονε
2953 2347 3133 2417 πάσης
3173 2345 3475 2416 ἁμαρτίας,
3511 2344 3658 2396 ὥστε

2067 2441 2163 2493 xui
2197 2439 2296 2511 τὴν
2333 2439 2512 2511 ψυχὴν
2551 2439 2857 2508 ἀναγκάσαι
2909 2440 3361 2510 συναμαρτάνειν.
3410 2436 3663 2489 Ἐοίκασι

2065 2533 2124 2586 δὲ
2164 2527 2307 2587 οὗτοι
2352 2533 2451 2603 τὴν
2493 2532 2619 2602 ὃλην
2659 2530 2756 2584 τοῦ
2798 2530 2935 2584 Θεοῦ
2984 2530 3370 2604 πραγματείαν
3413 2530 3658 2597 ἀγνοεῖν,

2066 2625 2160 2677 xui
2184 2624 2280 2696 τὴν
2312 2624 2372 2688 ἐξ
2406 2625 2580 2695 ἀρχῆς
2613 2626 2826 2693 γένεσιν
2854 2623 2948 2677 τοῦ
2984 2623 3269 2696 ἀνθρώπου
3303 2625 3398 2676 xui
3432 2622 3655 2678 πλάσιν.

2064 2716 2156 2769 xui
2184 2716 2254 2769 τά
2282 2717 2339 2769 ἐν
2368 2718 2561 2788 κόσμῳ
2619 2712 2694 2771 ὧν
2738 2717 2901 2771 ’ἑνεκα
2930 2717 3153 2787 γέγονεν
3187 2716 3319 2787 (24).
3352 2718 3421 2769 Ἥ
3452 2715 3563 2787 γὰρ
3592 2714 3661 2767 οὗ

2064 2825 2227 2880 φησιν
2257 2810 2283 2861 6
2312 2808 2515 2877 Λόγος·
2553 2808 2903 2879 Ποιήσωμεν
2934 2809 3247 2878 ἄνθρωπον
3286 2808 3413 2862 κατ’
3446 2810 3661 2862 εἰκόνα

2062 2900 2357 2970 ’ἡμετέραν
2416 2902 2513 2956 καὶ
2578 2903 2707 2957 καθ’
2766 2902 3085 2972 ὀμοίωσιν;
3144 2903 3336 2966 Ποῖον;
3393 2901 3661 2971 Δηλονότι

2062 2996 2323 3065 σαρκικδν
2365 2994 2513 3064 λέγει
2558 2995 2862 3067 ἄνθρωπον.
2904 2996 3042 3066 Φησὶ
3083 2994 3191 3065 γὰρ
3223 2997 3250 3047 6
3295 2994 3498 3063 Λόγος·
3536 2993 3653 3046 Καὶ

2058 3087 2276 3142 ἐλαϐεν
2297 3091 2328 3142 ό
2362 3088 2507 3155 Θεὸς
2535 3090 2686 3157 χοῦν
2715 3088 2834 3142 ἀπὸ
2868 3087 2977 3156 τῆς
3008 3088 3139 3157 γῆς,
3162 3087 3258 3141 καὶ
3279 3086 3516 3141 ἔπλασε
3546 3085 3661 3139 τὸν

2058 3178 2390 3247 ἄνθρωπον.
2436 3181 2604 3251 Δῆλον
2647 3176 2760 3246 οῦν,
2800 3180 2895 3245 ὡς,
2945 3183 3064 3233 κατ’
3094 3180 3280 3233 εἰκόνα
3308 3178 3445 3231 Θεοῦ
3477 3179 3659 3231 πλασ-

2063 3271 2289 3343 σόμενος
2328 3274 2355 3325 6
2396 3273 2703 3345 ἄνθρωπος,
2739 3269 2809 3344 ἦν
2856 3272 3136 3344 σαρκικός.
3188 3268 3324 3324 Εἶτα
3375 3272 3494 3334 πῶς
3548 3272 3657 3325 οὐκ

2058 3363 2278 3426 ἄτοπον,
2311 3363 2411 3437 τὴν
2445 3366 2550 3418 ὑπὸ
2577 3366 2710 3418 Θεοῦ
2739 3366 2917 3437 σάρκα
2952 3364 3283 3418 πλασθείσαν
3317 3366 3441 3417 κατ’
3467 3364 3657 3417 εἰκόνα

2057 3456 2157 3529 τὴν
2188 3456 2382 3509 ἑαυτοῦ
2423 3458 2652 3527 φάσκειν
2681 3458 2874 3529 ἄτιμον
2914 3454 3070 3521 εἶναι,
3098 3459 3190 3511 καὶ
3213 3457 3426 3520 οὐδενὸς
3446 3454 3608 3522 ἀξίαν
3634 3473 3655 3524 ;

2060 3549 2183 3603 Ὅτι
2212 3549 2268 3602 δὲ
2295 3551 2476 3621 τίμιον
2499 3551 2684 3623 κτῆμα
2716 3551 2750 3622 ἡ
2783 3550 2917 3621 σάρξ
2950 3550 3100 3623 παρὰ
3128 3550 3265 3621 Θεῷ,
3293 3550 3473 3622 δῆλον,
3502 3551 3658 3622 πρῶ-

2055 3659 2149 3696 τον
2206 3643 2304 3716 μὲν
2363 3645 2427 3697 ὲκ
2475 3644 2568 3696 τοῦ
2620 3645 2755 3717 πρὸς
2801 3644 2966 3698 αὐτοῦ
3008 3644 3338 3710 πεπλάσθαι,
3388 3645 3504 3713 εἴγε
3552 3643 3655 3697 καὶ

2057 3735 2220 3790 εἰκὼν
2247 3735 2326 3808 τῷ
2356 3736 2569 3811 πλάστῃ
2596 3738 2691 3790 xui
2733 3736 3009 3810 ζωγράφῳ
3036 3739 3191 3809 τιμία
3218 3737 3478 3808 γινομένη
3503 3752 3520 3768 ο
3551 3737 3653 3791 καὶ

2055 3828 2120 3883 ἐκ
2148 3830 2250 3900 τῆς
2291 3830 2485 3901 λοιπῆς
2516 3829 2573 3882 δὲ
2612 3830 2972 3901 κοσμοποιίας
3010 3830 3202 3902 μαθεῖν
3242 3829 3528 3903 πάρεστιν.
3569 3819 3651 3882 Οὗ

2054 3921 2164 3994 γάρ
2197 3923 2384 3977 ἕνεκεν
2422 3923 2614 3992 γέγονε
2657 3921 2729 3976 τὰ
2770 3922 2934 3976 λοιπά
2962 3923 3100 3994 (25),
3134 3921 3290 3976 τοῦτο
3314 3921 3535 3976 πάντων
3566 3920 3652 3994 τῷ

2055 4016 2347 4087 ποιήσαντι
2380 4015 2728 4087 τιμιώτατον.

2123 4210 2253 4275 Ναὶ,
2279 4210 2443 4280 φασίν
2462 4228 2474 4241 υ
2504 4210 2619 4264 ἀλλ’
2644 4212 2967 4283 ἁμαρτωλὸς
2992 4214 3025 4283 ἡ
3063 4212 3219 4284 σάρξ,
3245 4212 3383 4266 ὥστε
3420 4213 3516 4266 xui
3541 4213 3651 4284 τὴν

2051 4299 2226 4373 ψυχὴν
2280 4300 2609 4369 ἀναγκάζειν
2657 4305 3117 4375 συναμαρτάνειν,
3168 4306 3344 4377 μάτην
3399 4322 3645 4377 κατηγο.

357 4390 438 4446 Ita
466 4399 669 4446 temere
703 4389 853 4444 illam
885 4388 1255 4443 criminantur
1281 4392 1337 4440 et
1378 4385 1484 4456 ipsi
1514 4384 1617 4457 soli
1662 4384 1951 4441 amborum

2070 4389 2274 4453 »οῦντες
2310 4392 2498 4461 αὐτῆς,
2540 4393 2633 4445 xui
2660 4390 2730 4444 τὰ
2757 4391 2868 4445 τῶν
2907 4393 3232 4464 ἀμφοτέρων
3265 4394 3650 4463 ἁμαρτήματα

357 4492 582 4554 peccata
623 4481 907 4554 adﬁngunt.
955 4480 1077 4547 Quo
1114 4478 1321 4535 etenim
1362 4484 1524 4549 pacto
1562 4492 1660 4549 per
1710 4478 1949 4548 seipsam

2070 4481 2192 4556 ιὸνῃ
2214 4482 2599 4552 περιτιθέντες.
2625 4482 2735 4535 Ποῦ
2760 4482 2869 4556 γὰρ
2890 4484 3007 4537 καθ’
3033 4485 3231 4556 ἑαυτὴν
3258 4486 3290 4555 ἡ
3310 4483 3446 4556 σὰρξ
3461 4486 3651 4555 ἀμαρ-

355 4577 609 4648 peccabit
642 4591 795 4640 caro,
834 4573 941 4629 nisi
972 4575 1212 4628 animam
1243 4572 1349 4628 sibi
1382 4579 1717 4642 praeeuntem
1750 4570 1949 4635 habeat

2070 4574 2214 4643 τῆσαι
2242 4573 2549 4645 δυνήσεται,
2589 4573 2682 4627 ἐὰν
2719 4573 2793 4645 μὴ
2824 4576 2923 4644 τὴν
2960 4574 3136 4645 ψυχὴν
3161 4575 3260 4645 ἔχῃ
3294 4573 3649 4645 προηγουμέ-

357 4682 421 4723 ac
449 4667 878 4738 provocantem?
906 4664 1067 4722 Velut
1096 4666 1244 4721 enim
1266 4666 1321 4720 in
1342 4664 1475 4735 jugo
1506 4664 1693 4728 boum,
1733 4662 1780 4719 si
1812 4663 1949 4717 alter

2070 4683 2147 4738 νην
2180 4667 2274 4718 καὶ
2318 4665 2767 4736 προκαλουμένην
2803 4666 2974 4737 αὑτήν
3001 4683 3015 4730 ;
3047 4667 3255 4739 ’Ὠσπερ
3294 4666 3404 4737 γὰρ
3447 4664 3648 4732 ζεῦγος

356 4762 427 4816 ab
452 4762 625 4817 altero
658 4763 1000 4833 sejungatur,
1039 4767 1236 4815 neuter
1259 4772 1417 4813 arare
1442 4772 1691 4813 seorsum
1726 4764 1945 4827 potest:

2070 4756 2188 4809 ιοῶν
2238 4756 2507 4811 λυθέντων
2558 4756 2652 4811 ἀπ’
2688 4756 2933 4829 ἀλλήλων
2973 4757 3066 4811 τοῦ
3120 4756 3309 4826 ζυγοῦ,
3357 4759 3648 4830 οὐδέτερος

354 4854 433 4908 ita
485 4870 587 4910 nec
632 4856 838 4921 anima,
890 4868 993 4910 nec
1041 4867 1267 4923 corpus,
1309 4851 1492 4906 soluto
1532 4848 1944 4919 conjunctionis

2070 4849 2230 4903 ιὺτῶν
2263 4850 2384 4903 κατ’
2422 4849 2557 4902 ἰδίαν
2597 4848 2765 4920 ἀροῦν
2803 4850 3062 4903 δύναται·
3102 4850 3275 4914 οὕτως
3322 4851 3444 4904 οῦδὲ
3491 4853 3644 4925 ψυχὴ

353 4949 596 5015 vinculo,
630 4949 814 5005 facere
843 4948 1162 5019 singulatim
1213 4943 1512 5015 quidquam
1544 4949 1797 5013 possunt.
1846 4939 1944 4995 Sin

2070 4943 2144 4995 tui
2174 4940 2353 5011 σῶμα,
2383 4940 2609 4995 λυθέντα
2634 4942 2732 5013 τῆς
2761 4940 3046 5010 συζυγίας,
3079 4942 3198 4995 καθ’
3219 4943 3391 4997 ἑαυτά
3415 4945 3647 5015 ποιῆσαί

355 5044 473 5099 sola
522 5058 656 5097 caro
706 5043 989 5114 peccatrix
1040 5050 1147 5107 est,
1183 5040 1521 5111 cjusigitur
1555 5039 1727 5094 solius
1773 5052 1942 5093 causa

2070 5052 2100 5085 τι
2131 5033 2375 5087 δύναται.
2404 5035 2465 5087 Ei
2500 5033 2556 5087 δὲ
2588 5034 2681 5087 xui
2712 5036 2745 5105 ἡ
2780 5033 2918 5104 σὰρξ
2948 5034 3290 5106 ἁμαρτωλὸς,
3325 5036 3495 5107 μόνης
3518 5036 3646 5089 ταύ-

356 5134 609 5192 Salvator
640 5137 809 5199 venit,
844 5136 987 5190 sicut
1032 5134 1149 5188 ait:
1189 5130 1314 5186 Non
1360 5131 1476 5186 veni
1518 5145 1704 5184 vocare
1737 5129 1938 5199 justas.

352 5222 445 5279 sed
466 5232 763 5291 peccatores
794 5223 859 5278 ³¹.
896 5222 1033 5278 Cum
1082 5237 1215 5293 ergo
1249 5216 1475 5285 charam
1509 5219 1621 5275 Deo
1653 5219 1944 5274 esse'car-

351 5331 475 5372 nem
507 5323 561 5371 et
592 5330 760 5385 supra
784 5314 971 5370 omnia
1004 5329 1171 5385 opera
1193 5314 1490 5384 pretiosam
1516 5320 1804 5368 ostensum
1834 5312 1938 5377 sit,

422 5473 468 5503 "
504 5470 700 5526 Gcnes.
737 5487 775 5533 ι,
806 5470 897 5526 26.
974 5470 1020 5502 ³⁸
1050 5468 1248 5524 Genes.
1286 5483 1349 5532 ιι,
1380 5468 1432 5522 7.
1514 5468 1556 5498 ³¹
1588 5467 1756 5523 Marc.
1792 5483 1855 5523 η,
1894 5464 1977 5518 l7.

443 5626 533 5697 20)
568 5628 822 5695 Συνάγων
852 5627 939 5682 ed.
982 5626 1199 5683 lenens.
1227 5641 1294 5679 ex
1318 5625 1442 5679 cod.
1476 5623 1839 5697 _C.oisliniano.

440 5695 535 5765 2i)
568 5698 873 5767 Συνὰγωι·.
914 5696 1269 5767 Desumptuni
1294 5711 1359 5748 ex
1390 5695 1526 5767 ch._
1545 5710 1652 5753 ms.

424 5764 535 5832 (‘22)
568 5764 791 5822 Rectius
815 5767 1096 5820 secundum
1130 5765 1361 5817 ellmicos
1388 5765 1473 5817 ed.
1511 5764 1722 5818 lenens.

566 5839 858 5903 Οὐρανίου
889 5836 1210 5899 πολιτείας.
1250 5834 1393 5889 Editi
1423 5834 1746 5905 ἐπουρανίου
1780 5832 1934 5902 βασι-

2046 5142 2146 5195 της
2179 5125 2365 5179 ἕνεκεν
2393 5122 2555 5197 ἦλθεν
2597 5129 2625 5180 6
2660 5127 2873 5198 Σωτὴρ,
2905 5125 3086 5191 καθώς
3122 5143 3285 5197 φησιν
3308 5144 3323 5156 ·
3366 5130 3490 5181 Οὐκ
3532 5126 3643 5198 ἦλ-

2048 5220 2155 5271 θον
2181 5217 2435 5271 καλέσαι
2464 5216 2753 5284 δικαίους,
2783 5217 2945 5272 ἀλλὰ
2973 5218 3381 5287 ἁμαρτωλούς.
3418 5220 3643 5291 Ἐπειδὴ

2047 5305 2139 5363 οὖν
2173 5310 2329 5381 τιμία
2373 5308 2523 5379 παρὰ
2557 5309 2697 5381 Θεῷ,
2749 5310 2842 5363 καὶ
2888 5309 3095 5376 ἔνδοξος
3140 5310 3293 5381 παρά
3342 5311 3523 5364 πάντα
3573 5313 3643 5365 τὲ

2044 5620 2230 5758 λεῖἒῗ)
2263 5680 2374 5740 Ὧν
2403 5686 2582 5740 ἕνεκα
2612 5687 2877 5758 γέγονεν.
2913 5681 3453 5758 suppeditavitcod.
3488 5697 3599 5758 ius.

2120 5752 2233 5829 (25)
2275 5761 2348 5810 Τὰ
2379 5758 2581 5811 λοιπά.
2619 5752 2756 5829 Cod,
2802 5771 2905 5809 ms.
2938 5752 3249 5809 rinam.
3314 5753 3439 5807 Mox
3487 5752 3637 5806 idem

2042 5825 2404 5900 τιμιώτατονε
2436 5829 2567 5883 editi
2605 5825 2948 5898 τιμιώτερον.
