3974 6256
306 377 453 436 1585

1522 372 1583 428 s.
1626 368 1889 437 ms'rm
1926 368 2385 440 FRAGMENTA.

3415 366 3556 427 1586

302 494 587 563 ποιήματα
630 487 896 544 δέδεικται
937 488 971 560 ἠ
1014 488 1181 560 σάρξ·
1218 482 1445 552 δικαίως
1480 488 1547 547 ἂν
1585 490 1676 543 ὑπ’
1722 487 1869 543 αὐτοί

1991 487 2189 542 merito
2222 500 2355 541 sane
2388 483 2458 540 ab
2482 498 2551 541 eo
2592 482 2912 540 salvabitur.
2958 476 3359 554 Disputandum
3387 481 3558 553 igitur

302 583 631 653 σωθήσεται.
667 580 903 636 Λεκτέον
928 578 1021 636 οὖν
1056 584 1193 655 πρὸς
1228 585 1357 648 τοὺς
1382 583 1661 652 λέγοντας,
1698 584 1801 647 ὅτι,
1834 584 1885 636 εἰ

299 677 396 729 καί⁵
427 673 498 728 τά
526 674 760 746 μάλιστα
784 674 919 727 Θεοῦ
953 675 1164 747 ποίημα
1196 678 1561 747 τυγχάνουσα,
1594 677 1689 729 καὶ
1726 674 1884 745 τιμία

296 763 451 835 αὐτῷ
477 765 632 836 παρὰ
657 766 857 827 πάντα,
892 767 992 819 οὐκ
1036 767 1239 832 εὐθέως
1282 770 1380 823 καὶ
1424 768 1522 839 τὴν
1552 767 1881 837 ἐπαγγελίαν

296 856 398 926 τῆς
420 856 769 921 ἀναστάσεως
798 857 929 927 ἔχει.
954 859 1146 912 Καίτοι
1174 860 1291 924 πῶς
1314 862 1413 914 οὐκ
1438 862 1637 915 ἄτοπον
1656 862 1717 914 τὸ
1744 858 1881 933 μετά

298 948 635 1020 τηλικαύτης
670 948 907 1020 σπουδῆς
932 951 1244 1021 γενόμενον,
1281 955 1377 1006 καὶ
1417 953 1568 1025 παρά
1594 954 1771 1007 πάντα
1811 952 1882 1007 τὰ

300 1036 465 1092 λοιπά
497 1039 678 1110 τίμιον
713 1042 976 1112 περιορᾷν
1013 1041 1106 1095 τὸν
1139 1044 1441 1114 ποιήσαντα
1480 1045 1560 1107 εἰς
1586 1044 1646 1096 τὸ
1682 1042 1881 1115 μηκέτι

296 1127 437 1182 εἶναι
461 1147 475 1195 ;
503 1125 621 1183 εἶτα
653 1132 680 1183 6
706 1131 804 1202 μὲν
832 1131 1074 1203 πλάστης
1106 1135 1200 1187 καὶ
1229 1133 1514 1207 ζωγράφος
1540 1135 1589 1189 εί
1612 1135 1712 1199 τὰς
1739 1133 1885 1187 είκό-

296 1238 397 1285 νας
424 1220 492 1285 ἃς
520 1222 586 1274 ἂν
619 1224 906 1294 ποιήσωσι,
941 1224 1214 1295 διαμένειν
1242 1227 1533 1293 ἐθέλουσιν,
1560 1228 1649 1283 ἵνα
1678 1228 1744 1281 δι’
1777 1228 1877 1282 αύ-

291 1315 405 1367 τῶν
446 1313 799 1379 δοξάζωνται,
844 1318 936 1370 καὶ
980 1318 1337 1391 φθειρομένας
1384 1320 1552 1384 αύτάς
1595 1321 1879 1375 ἀνακαινο-

295 1409 511 1466 ποιοῦσι
534 1428 550 1443 ⁸
586 1414 615 1465 6
640 1412 699 1465 δὲ
722 1412 855 1477 Θεὸς
886 1414 946 1467 τὸ
978 1415 1143 1469 αὐτοῦ
1170 1416 1359 1487 κτῆμα
1389 1416 1483 1470 καὶ
1523 1416 1747 1487 πλάσμα
1781 1435 1877 1470 πε-

292 1502 495 1576 ριεῖδεν
528 1501 596 1556 ἂν
622 1506 702 1568 είς
726 1503 788 1557 τὸ
817 1504 893 1576 μὴ
932 1505 1011 1571 ὃν,
1042 1506 1239 1579 μηκέτι
1279 1508 1335 1561 δὲ
1367 1508 1462 1562 καὶ
1495 1509 1575 1571 εἰς
1608 1508 1669 1562 τὸ
1711 1505 1873 1574 εἶναι,

293 1593 660 1663 ματαιοπὸνον
680 1595 1059 1668 ἀττοκαλοῦμεν
1084 1596 1230 1669 (26);
1254 1599 1462 1670 ’Ὠσπερ
1487 1598 1541 1651 εἴ
1564 1617 1667 1664 τις,
1695 1600 1874 1655 οἰκίαν

287 1683 675 1757 οἰκοδομήσας,
707 1685 898 1739 ἔπειτα
923 1686 1183 1741 καταλύοι
1213 1686 1346 1760 (27),
1381 1687 1415 1759 ἢ
1461 1689 1873 1763 καταλυομένην

289 1775 587 1846 περιορῶν,
622 1775 917 1846 δυνάμενος
966 1777 1291 1849 ἀναστῆσαι,
1344 1780 1441 1834 τόν
1486 1798 1548 1835 τε
1595 1782 1727 1835 Θεὸν
1770 1784 1870 1837 οὐκ

286 1863 672 1934 αἰτιασόμεθα,
703 1864 786 1917 ὅτι
820 1864 999 1937 μάτην
1024 1868 1202 1932 ποιεῖς
1243 1867 1380 1921 Ἀλλ’
1410 1869 1507 1941 οὐχ
1539 1872 1567 1923 6
1599 1871 1874 1944 ἄφθαρτος

286 1952 556 2019 τοιοῦτος,
584 1954 685 2007 ούκ
715 1954 903 2025 ἄφρων
923 1956 952 2008 6
973 1955 1084 2010 τῶν
1105 1945 1242 2011 ὅλων
1272 1958 1485 2027 πέφυκε
1508 1960 1651 2025 νοῦς.
1676 1961 1876 2033 Φιμού-

292 2048 510 2101 σθωσαν
544 2047 658 2119 (28)
693 2050 743 2101 οἰ
784 2049 1022 2114 ἄπιστοι,
1053 2052 1101 2104 εί
1127 2051 1188 2104 τὸ
1223 2053 1296 2123 μὴ
1342 2055 1619 2110 πιστεύειν
1659 2056 1874 2127 ἔχουσιν

284 2138 467 2191 αὐτοί.
511 2138 671 2192 Ἀλλά
707 2139 814 2210 μὴν
846 2141 940 2195 καὶ
977 2142 1245 2215 κέκληκεν
1278 2146 1447 2220 αὐτὴν
1484 2148 1580 2201 litt
1613 2148 1711 2220 τὴν
1745 2150 1875 2204 ἀνά-

294 2244 504 2293 στασιν,
542 2232 635 2283 καὶ
667 2232 1060 2300 ἐπαγγέλλεται
1105 2235 1205 2307 τὴν
1244 2218 1467 2293 αἰωνίαν
1498 2218 1678 2309 ζωήν(
1708 2242 1874 2295 Ἔνθα

287 2319 400 2389 γὰρ
423 2319 516 2373 τὸν
541 2321 825 2393 ἄνθρωπον
847 2326 1257 2394 εὐαγγελίζεται
1286 2329 1477 2396 σῶσαι,
1498 2332 1595 2386 καὶ
1617 2335 1683 2403 τῇ
1711 2334 1873 2406 σαρκὶ

291 2409 720 2478 εὐαγγελίζεται.
770 2415 835 2467 Τί
867 2416 975 2486 γάρ
1017 2417 1165 2469 ἐστιν
1197 2419 1225 2471 6
1268 2419 1572 2491 ἄνθρωπος,
1598 2423 1711 2475 ἀλλ’
1745 2424 1777 2494 ἦ
1814 2424 1873 2477 τὸ

288 2500 357 2553 ὲκ
386 2501 565 2572 ψυχῆς
591 2505 684 2557 καὶ
723 2504 975 2576 σώματος
1017 2508 1292 2573 συνεστὼς
1326 2510 1462 2575 ζῶον
1495 2512 1746 2581 λογικὸν;
1779 2515 1869 2586 Μὴ

290 2586 384 2644 οὖν
418 2593 540 2646 καθ’
565 2596 760 2667 ἑαυτὴν
788 2597 900 2669 (29)
929 2598 1076 2671 ψυχὴ
1101 2601 1423 2673 ἀνθρωπος;
1462 2603 1575 2657 Οὔκ
1593 2621 1606 2634 ·
1641 2605 1753 2658 ἀλλ’
1778 2607 1872 2659 ἀν-

284 2679 513 2753 θρώπου
570 2686 737 2757 ψυχή.
794 2689 884 2760 Μὴ
934 2686 1027 2744 οὖν
1079 2692 1295 2745 καλοῖτο
1348 2693 1505 2764 σῶμα
1548 2695 1868 2767 ἄνθρωπος;

293 2773 411 2828 Οὔκ
433 2792 447 2805 ·
479 2776 592 2829 ἀλλ’
622 2778 912 2850 ἀνθρώπου
938 2781 1097 2852 σῶμα
1129 2783 1391 2837 καλεῖται.
1428 2784 1601 2857 Εἴπερ
1632 2782 1723 2839 οὖν
1748 2789 1868 2840 κατ’

290 2867 432 2921 ἰδίαν
470 2870 567 2940 μὲν
598 2871 804 2926 τούτων
834 2874 1109 2947 οὐδέτερον
1141 2876 1424 2948 ἄνθρωπός
1458 2880 1591 2941 ἐστι,
1625 2880 1685 2932 τὸ
1717 2880 1774 2933 δὲ
1806 2882 1871 2934 ἐκ

291 2961 393 3031 τῆς
426 2964 750 3037 ἀμφοτέρων
793 2967 1108 3039 συμπλοκῆς
1150 2970 1394 3023 καλεῖται
1439 2971 1739 3043 ἄνθρωπος,
1776 2972 1868 3025 κέ-

288 3051 464 3124 κληκε
491 3054 547 3107 δὲ
574 3058 603 3109 6
643 3056 774 3121 Θεὸς
806 3060 885 3121 εἰς
919 3059 1062 3130 ζωὴν
1093 3062 1188 3113 καὶ
1218 3062 1509 3115 ἀνάστασιν
1535 3063 1626 3116 τὸν
1659 3063 1867 3135 ἀνορω-

292 3160 416 3207 πον,
444 3145 503 3196 οὐ
536 3144 596 3197 τὸ
633 3147 816 3217 μέρος,
848 3149 981 3202 ἀλλὰ
1005 3148 1065 3201 τὸ
1105 3150 1223 3203 ὅλον
1259 3151 1543 3221 κέκληκεν,
1579 3153 1714 3224 ὅπερ
1752 3152 1870 3206 ἐστὶ

288 3236 390 3307 τὴν
421 3236 599 3307 ψυχὴν
628 3239 721 3291 καὶ
741 3238 803 3291 τὸ
837 3240 1013 3310 σῶμα.
1062 3242 1213 3294 Ἐπεὶ
1238 3243 1355 3306 πῶς
1381 3244 1480 3297 οὐκ
1513 3246 1731 3307 ἄτοπον,
1760 3247 1868 3316 ἀμ-

290 3326 537 3397 φοτέρων
568 3326 737 3379 ὄντων
760 3328 900 3381 κατὰ
927 3330 987 3382 τὸ
1011 3332 1144 3385 αὐτὸ
1171 3333 1265 3385 καὶ
1297 3334 1355 3385 ἐν
1381 3332 1458 3403 τῷ
1491 3333 1658 3404 αὐτῷ,
1683 3335 1743 3387 τὸ
1770 3335 1869 3405 μὲν

292 3414 510 3479 σώζειν,
547 3416 607 3468 τὸ
638 3416 695 3485 δὲ
732 3419 843 3488 μή;
878 3421 991 3473 Ούκ
1020 3421 1173 3485 ὄντος
1202 3422 1258 3475 δὲ
1305 3423 1583 3487 ἀδυνάτου,
1619 3424 1870 3497 καθάπερ

286 3505 581 3570 δέδεικται,
616 3509 714 3579 τὴν
749 3512 929 3581 σάρκα
952 3512 1093 3582 ἔχειν
1124 3514 1223 3586 τὴν
1256 3515 1690 3584 παλιγγενεσίαν,
1727 3518 1811 3581 τίς
1834 3520 1868 3590 ἡ

288 3595 584 3669 διάκρισις,
631 3598 770 3653 ὥστε
813 3602 910 3672 τὴν
966 3604 1064 3671 μὲν
1106 3604 1283 3678 ψυχὴν
1322 3607 1609 3675 σώζεσθαι,
1660 3610 1763 3679 τὴν
1804 3611 1871 3664 δὲ

292 3688 471 3758 σάρκα
519 3692 633 3761 μή;
681 3694 753 3745 ’Ἡ
803 3694 1062 3767 φθονερὸν
1109 3698 1321 3753 ποιοῦσι
1367 3700 1459 3753 τὸν
1496 3701 1663 3768 Θεόν;
1712 3704 1871 3758 Ἀλλά

289 3780 496 3847 ἀγαθός
548 3785 686 3849 ἐστι,
735 3788 827 3840 καί
870 3787 1138 3851 σώζεσθαι
1186 3792 1392 3856 πάντας
1439 3793 1601 3846 θέλει.
1650 3794 1760 3847 Καὶ
1803 3796 1867 3848 δι’

288 3869 458 3923 αὑτοῦ
503 3871 614 3944 (50)
662 3877 756 3929 καὶ
794 3877 888 3930 τοῦ
933 3882 1285 3950 κηρύγματος
1326 3882 1492 3935 αὑτοῦ
1542 3884 1661 3953 οὐχὶ
1711 3885 1868 3955 μόνον

289 3959 523 4024 ἤκουσεν
567 3965 784 4037 ἡψυχὴ
837 3968 1023 4038 ὑμῶν,
1090 3971 1187 4024 σὺν
1252 3972 1390 4043 αὐτῇ
1434 3975 1467 4042 ἡ
1541 3972 1713 4042 σὰρξ,
1774 3973 1869 4027 καὶ

280 4052 611 4105 ἐπίστευσεν
633 4044 712 4118 ἐίς
739 4057 972 4127 Χριστὸν
1009 4058 1234 4130 Ἰησοῦν,
1265 4060 1383 4113 ἀλλ’
1411 4060 1692 4133 ἀμφότερα
1719 4060 1869 4112 ἐλού-

289 4160 455 4196 σαντο
498 4146 629 4216 (51),
679 4149 773 4201 καὶ
815 4151 1100 4222 ἀμφότερα
1144 4152 1241 4223 τὴν
1286 4152 1629 4225 δικαιοσύνην
1678 4153 1867 4223 εἰργά-

288 4252 473 4290 σαντο.
524 4238 665 4309 Ἀρα
713 4237 807 4294 οὖν
857 4243 1146 4315 ἀχάριστον
1203 4243 1236 4315 ἢ
1286 4244 1468 4299 ἄδικον
1510 4244 1868 4314 ἀποφαίνουσι

361 4451 933 4530 (26)-Ματᾳιονπόιςον
965 4459 1406 4530 ἀζοκαλρῦμεν.
1453 4459 1552 4516 Vel
1596 4470 1720 4530 post
1750 4462 1866 4518 haec

285 4524 457 4607 verba
487 4523 851 4607 legendum_ei'
871 4545 975 4595 τις,
1000 4528 1179 4607 deleto
1196 4523 1403 4607 ᾥεξπερ,
1433 4532 1513 4586 vel
1544 4523 1863 4607 collocanda
1892 4545 1941 4607 ί)

291 4600 421 4645 sunt
452 4600 573 4661 post
596 4596 916 4663 ἀναστῆσαι.
946 4627 1017 4637 -
1058 4598 1111 4649 Ὁ
1146 4597 1213 4650 δὲ
1244 4596 1405 4665 Θεόζι,
1442 4619 1493 4653 κ.
1526 4618 1577 4655 τ.
1606 4601 1655 4654 λ.
1688 4602 1865 4657 Mara-

289 4677 418 4723 nus,
452 4665 731 4743 mendose,
756 4667 785 4716 6
796 4666 861 4743 δὲ
888 4666 1019 4743 βερς
1037 4666 1098 4743 τὸ
1124 4669 1219 4743 καὶ
1242 4669 1468 4740 πλάσμα
1490 4672 1655 4725 αὑτοῦ
1678 4674 1865 4743 κτῆμα

288 4732 578 4803 περιεῖδεν,
611 4750 663 4787 κ.
698 4752 748 4787 τ.
796 4734 845 4789 λ.
885 4736 1085 4791 Deinde
1122 4739 1261 4793 idem
1303 4732 1428 4793 cum
1476 4732 1866 4803 caeteris,..."c6

288 4796 843 4881 εἶναικματαιοπόνοι
848 4807 1122 4881 ἀποκαλοῦ
1131 4825 1228 4877 μεν
1248 4850 1261 4874 ,
1284 4810 1472 4881 ὥσπερ
1490 4796 1654 4871 εἴτις,
1746 4796 1857 4866 τ..λ.

288 4868 528 4953 ῌιιιίίξὶξί.
565 4890 693 4928 vero
722 4882 775 4928 et
806 4874 970 4930 Grab.
1006 4868 1230 4953 insuper
1250 4868 1535 4953 'verbis'pti]
1567 4868 1625 4932 ὃν
1644 4868 1865 4937 addunt

287 4940 660 5017 ἀπολλύμενον
679 4960 814 5017 cum
862 4954 990 4999 nota
1023 4940 1417 5017 interrogandi.
1461 4940 1641 5006 Locus
1682 4958 1863 5006 autem

287 5022 582 5091 corruptus
607 5014 820 5069 videtur
847 5031 988 5091 esse.
1016 5014 1287 5091 Martinus
1309 5021 1472 5074 verba
1505 5022 1863 5091 ματαιοπόνον

286 5080 683 5159 ἀποκεροῦμεν.
704 5092 827 5159 post
857 5086 1156 5159 ἀναστῆσαι
1186 5089 1443 5143 collocari
1475 5080 1689 5157 mallet;
1740 5108 1864 5145 ver-

287 5150 391 5203 tit:
445 5150 902 5226 Quemadmodum
955 5157 1001 5209 si
1050 5150 1238 5226 quis...
1282 5159 1487 5225 frustra
1534 5150 1863 5215 laborantem

283 5235 407 5274 cum
432 5235 713 5292 uocamus;
739 5225 814 5277 sic
832 5226 993 5277 etiam
1026 5225 1201 5279 annon
1226 5227 1389 5292 Deus,
1423 5239 1579 5284 etc...
1614 5230 1861 5287 Tcllerus

286 5304 420 5373 vero
447 5290 732 5373 legendum
756 5301 912 5373 putat
928 5296 1006 5358 ὼς
1032 5295 1153 5373 (ρῳ
1182 5298 1281 5373 εἰς)
1302 5290 1459 5373 τομὴ
1489 5299 1568 5367 ὃν,
1595 5301 1856 5373 μηκέτι...

285 5363 427 5435 εἰναι
446 5375 467 5435 '_
501 5378 626 5435 ματ.
661 5363 849 5426 ἀποκ.,
879 5363 1068 5432 ὅσπερ
1104 5366 1142 5432 ἢ
1170 5363 1285 5435 τὴν
1310 5363 1563 5422 οἰκίαν...
1595 5363 1861 5424 ’καταλύει

287 5428 558 5487 (eamdem
590 5430 817 5485 formam
846 5449 944 5495 pro
978 5428 1241 5490 καταλύοι
1269 5444 1454 5493 tenent
1484 5455 1675 5495 omnes
1734 5450 1861 5495 ante

287 5450 558 5487 teallluem
590 5450 817 5485 normam
883 5450 944 5487 ro
978 5450 1234 5490 καταλύοι
1269 5450 1454 5493 tenent
1484 5455 1675 5495 omnes
1734 5450 1861 5495 ante

286 5496 571 5552 Maranum
602 5450 880 5624 editores;
894 5512 1032 5568 etc.;
1064 5505 1280 5561 reddit:
1309 5507 1446 5562 Deus
1484 5526 1669 5566 vero...
1709 5512 1861 5577 parvi

286 5568 467 5624 faciet.
499 5570 546 5623 .ςὶ
580 5587 683 5624 non
709 5588 828 5624 amo
854 5574 933 5624 ius
963 5577 1051 5624 sit.
1087 5592 1149 5624 ac
1171 5579 1218 5624 si
1244 5593 1511 5624 nummum
1537 5582 1821 5624 exstitisset
1838 5585 1860 5622 9

285 5568 467 5648 (aciei,
499 5570 546 5623 si
580 5568 933 5648 non-amplius
963 5577 1051 5648 sit,
1087 5592 1149 5628 ac
1171 5579 1218 5629 si
1244 5593 1511 5648 nunquam
1537 5568 1860 5637 exstitisset?

282 5636 356 5690 In
391 5656 583 5717 vanum
627 5636 1183 5717 laborassedicimua,
1212 5636 1376 5717 etc",
1403 5648 1535 5714 Quae
1585 5636 1858 5717 quomodo

283 5709 584 5787 extrudere
598 5726 665 5787 ωε
684 5712 995 5787 is_tis_verbis
1012 5716 1267 5787 potuerit,
1286 5709 1537 5787 equidem
1555 5709 1699 5773 haud
1720 5721 1853 5777 scio.

282 5774 509 5859 Locum.
542 5780 744 5859 studui.
768 5774 1164 5859 aliquantulum
1196 5774 1392 5843 sanare
1432 5774 1857 5859 interrogatione

280 5858 412 5916 post
456 5843 596 5903 εἶναι
629 5850 806 5928 posita
828 5843 888 5907 at:
917 5852 1092 5911 deleto
1120 5853 1306 5925 ὥσπερ
1334 5865 1458 5915 ante
1492 5843 1852 5923 εἴτις.υΟΤ10.

1987 578 2252 635 adversus
2288 592 2386 634 eos
2431 576 2523 648 qui
2558 577 2751 632 dicunt
2783 592 3026 643 carnem,
3062 577 3190 633 licet
3224 576 3321 634 Dei
3356 577 3556 633 certis-

1985 671 2187 728 simum
2219 685 2357 739 opus
2386 669 2458 724 sit
2486 676 2540 724 et
2579 668 2746 723 chara
2779 669 2857 723 illi
2885 683 3056 739 supra
3094 668 3306 734 Omnia,
3335 684 3446 724 non
3479 668 3561 724 id~

1982 762 2132 817 circo
2164 768 2347 817 tamen
2388 760 2810 831 promissionem
2858 760 3060 815 habere
3108 760 3555 815 resurrectionis.

1982 850 2185 909 Verum
2214 853 2492 923 quomodo
2521 852 2818 907 absurdum
2849 866 2961 907 non
3011 859 3098 906 est
3142 850 3196 906 id
3229 850 3375 922 quod
3404 858 3558 906 tanto

1980 949 2187 1007 factum
2222 952 2404 1008 studio
2432 959 2517 1007 est
2549 966 2613 1006 ac
2642 966 2752 1022 prae
2788 949 3000 1005 caeteris
3028 949 3347 1019 pretiosum,
3374 946 3456 1003 sic
3486 947 3557 1002 ab

1978 1058 2066 1108 eo,
2100 1044 2194 1114 qui
2233 1044 2382 1109 fecit,
2416 1044 2633 1116 negligi,
2678 1051 2736 1098 ut
2780 1043 2837 1098 in
2878 1042 3111 1097 nihilum
3142 1055 3371 1112 prorsus
3406 1038 3557 1095 redi-

1979 1141 2140 1205 gatur
2185 1150 2288 1191 nec
2335 1135 2450 1205 jam
2498 1136 2733 1206 amplius
2780 1134 2895 1190 sit?
2924 1133 3130 1189 Deinde
3156 1147 3288 1189 vero
3318 1131 3475 1186 ﬁctor
3500 1138 3557 1187 et

1978 1229 2175 1297 pictor,
2229 1228 2275 1285 si
2304 1228 2571 1298 imagines
2600 1242 2630 1282 a
2662 1241 2721 1283 se
2768 1224 2945 1282 factas
2986 1239 3207 1280 manere
3247 1223 3460 1288 volunt,
3493 1230 3555 1277 ut

1977 1334 2076 1391 per
2116 1335 2211 1375 eas
2258 1319 2489 1388 gloriam
2536 1324 2921 1390 assequantur,
2950 1324 3356 1373 veterascentes
3401 1316 3553 1386 ipsas

1976 1419 2260 1468 renovant.
2314 1411 2458 1468 Deus
2500 1418 2684 1468 autem
2730 1426 2847 1467 rem
2897 1424 3055 1468 suam
3098 1419 3154 1466 et
3200 1424 3337 1481 opus
3389 1425 3552 1465 suum

1976 1506 2129 1578 parvi
2159 1504 2357 1577 pendet
2388 1506 2444 1560 in
2479 1504 2712 1560 nihilum
2744 1503 2942 1575 redigi,
2977 1518 3081 1559 nec
3119 1503 3231 1575 jam
3268 1516 3391 1559 esse
3435 1517 3553 1556 am-

1974 1598 2163 1669 plius?
2187 1596 2652 1664 Quemadmodum
2681 1596 2729 1653 si
2756 1596 2882 1668 quis
2911 1596 3135 1657 domum
3165 1609 3198 1649 a
3235 1609 3295 1650 se
3320 1592 3553 1650 aediﬁca-

1972 1696 2087 1745 tam
2120 1690 2390 1757 destruat,
2426 1698 2522 1746 aut
2552 1690 2886 1745 destructam
2914 1688 3172 1759 negligat,
3196 1700 3321 1743 cum
3340 1686 3556 1741 instau-

1972 1796 2099 1836 rare
2133 1781 2329 1851 possit,
2358 1780 2562 1837 frustra
2607 1781 2947 1837 laborantem
2984 1792 3109 1835 eum
3142 1790 3439 1832 vocamus:
3468 1773 3553 1829 sic

1906 1850 1949 1911 Β
1975 1850 2151 1927 etiam
2169 1886 2353 1927 annon
2381 1870 2551 1929 Deum
2582 1885 2969 1926 accusaremus
2991 1867 3135 1939 quod
3165 1866 3370 1922 frustra
3397 1863 3552 1918 labo-

1972 1964 2194 2019 rasset?
2220 1963 2292 2019 At
2314 1979 2423 2019 non
2445 1963 2571 2019 talis
2599 1970 2683 2019 est
2714 1963 2805 2018 ille
2834 1961 3209 2029 incorruptus,
3257 1972 3372 2013 non
3398 1962 3553 2017 caret

1972 2052 2261 2124 prudentia
2291 2053 2385 2123 qui
2425 2052 2667 2107 omnium
2715 2066 2871 2106 mens
2898 2056 3003 2105 est.
3038 2048 3434 2105 Obmutescant
3459 2045 3551 2099 in-

1973 2145 2183 2201 ﬁdeles.
2206 2144 2588 2201 Verumtamen
2614 2158 2835 2200 carnem
2857 2156 3076 2213 quoque
3107 2139 3173 2193 ad
3198 2137 3552 2195 resurrectio-

1972 2251 2097 2290 nem
2145 2236 2381 2303 vocavit,
2422 2236 2583 2306 eique
2626 2236 2793 2291 vitam
2828 2235 3214 2304 sempiternam
3250 2231 3546 2302 promittit.

1971 2326 2111 2383 Dum
2146 2328 2293 2383 enim
2337 2328 2548 2382 homini
2585 2327 2815 2381 salutem
2857 2325 3172 2388 annuntiat,
3214 2324 3357 2379 hanc
3383 2323 3551 2378 etiam

1972 2420 2260 2474 annuntiat
2281 2419 2456 2473 carni.
2491 2417 2700 2488 Ecquid
2729 2418 2874 2472 enim
2906 2416 3053 2471 aliud
3076 2424 3159 2471 est
3178 2416 3364 2480 homo,
3384 2429 3551 2485 quam

1968 2527 2038 2566 ex
2070 2512 2252 2565 anima
2288 2518 2344 2566 et
2388 2526 2620 2581 corpore
2655 2509 2857 2565 animal
2911 2509 3215 2564 rationale?
3252 2509 3336 2562 An
3370 2508 3569 2561 anima,

1970 2604 2284 2675 singulatim
2315 2610 2400 2659 est
2444 2603 2648 2658 homo?
2674 2601 3048 2673 Nequaquam.
3092 2600 3199 2657 Sed
3249 2608 3333 2657 est
3372 2598 3567 2655 homi-

1970 2696 2059 2751 nis
2085 2698 2284 2751 anima.
2311 2695 2452 2750 Num
2482 2711 2611 2767 ergo
2638 2710 2838 2767 corpus
2862 2695 3026 2750 homo
3049 2694 3302 2750 dicetur?
3327 2692 3551 2747 Minime

1964 2789 2232 2859 gentium.
2288 2787 2395 2843 Sed
2447 2787 2689 2842 hominis
2738 2802 2939 2856 corpus
2990 2786 3226 2841 dicetur.
3272 2784 3454 2851 Quare
3500 2784 3550 2839 si

1969 2888 2222 2937 neutrum
2254 2880 2445 2935 horum
2482 2880 2792 2950 singulatim
2830 2886 2917 2934 est
2956 2878 3142 2942 homo,
3172 2875 3265 2933 sed
3297 2878 3444 2947 quod
3479 2893 3553 2931 ex

1967 2972 2253 3026 amborum
2305 2972 2591 3042 complexu
2632 2980 2865 3033 constat,
2912 2970 3227 3024 nominatur
3259 2968 3451 3033 homo;
3500 2967 3548 3022 si

1968 3070 2023 3116 et
2046 3060 2190 3117 Deus
2215 3061 2281 3116 ad
2314 3062 2481 3115 vitam
2509 3070 2563 3117 et
2586 3062 3045 3117 resurrectionem
3078 3060 3353 3116 hominem
3383 3074 3548 3113 voca-

1969 3153 2048 3207 vit
2073 3195 2087 3216 .
2123 3169 2233 3209 non
2260 3162 2467 3224 partem
2514 3154 2656 3225 ejus,
2691 3154 2785 3209 sed
2819 3161 3016 3218 totum,
3057 3154 3163 3209 hoc
3192 3164 3277 3209 est
3308 3154 3565 3209 animam:

1972 3260 2026 3306 et
2056 3266 2280 3322 corpus,
2311 3252 2548 3307 vocavit.
2577 3251 2640 3304 Et
2672 3251 2946 3321 quomodo
2973 3266 3082 3305 non
3120 3249 3415 3305 absurdum
3437 3256 3555 3315 est,

1969 3342 2185 3397 duobus
2218 3342 2514 3397 secundum
2550 3341 2693 3396 idem
2719 3352 2771 3397 et
2804 3342 2859 3395 in
2904 3341 3097 3397 eodem
3124 3340 3545 3407 exsistentibus,

1970 3448 2139 3487 unum
2179 3434 2411 3496 salvare,
2454 3434 2683 3487 alterum
2726 3434 2878 3487 non?
2917 3433 3053 3487 Cum
3093 3432 3239 3487 enim
3285 3431 3545 3501 impossi-

1969 3524 2079 3579 bile
2108 3539 2218 3579 non
2243 3526 2334 3592 sit,
2365 3533 2425 3579 ut
2452 3524 2887 3580 demonstratum
2917 3532 3021 3587 est,
3049 3539 3269 3579 carnem
3293 3523 3553 3581 renasci:-

1970 3630 2219 3685 quaenam
2256 3622 2340 3671 est
2374 3616 2466 3670 illa
2510 3616 2793 3680 discretio,
2842 3625 2901 3670 ut
2948 3616 3129 3670 anima
3166 3616 3319 3671 salva
3362 3615 3430 3671 sit
3478 3630 3544 3670 ac

1970 3721 2081 3761 non
2113 3708 2359 3779 corpus?
2386 3706 2468 3760 An
2496 3707 2739 3761 invidum
2778 3707 2986 3763 faciunt
3020 3708 3223 3763 Deum?
3250 3706 3415 3777 Atqui
3445 3706 3545 3761 bo-

1970 3808 2075 3847 nus
2101 3802 2186 3849 est
2213 3802 2267 3850 et
2303 3811 2493 3851 omnes
2526 3797 2640 3851 vult
2672 3798 2853 3853 salvos
2898 3798 3033 3853 ﬁeri.
3066 3797 3241 3867 Atque
3270 3798 3448 3868 ipsum
3488 3803 3547 3852 et

1969 3884 2087 3953 ejus
2110 3887 2552 3954 prazdicationem
2592 3904 2702 3943 non
2736 3890 2852 3944 sola
2884 3891 3088 3945 audivit
3113 3892 3292 3945 anima
3327 3898 3541 3955 nostra,

1969 3984 2023 4031 et
2050 3978 2169 4032 sine
2202 3993 2390 4042 carne,
2421 3987 2475 4033 et
2514 3981 2747 4036 credidit
2785 3982 2839 4036 in
2877 3981 3155 4037 Christum
3180 3981 3401 4050 Jesum;
3446 3982 3545 4038 sed

1970 4070 2141 4124 ambae
2164 4070 2359 4124 ablutae
2400 4078 2549 4136 sunt,
2578 4079 2633 4127 et
2666 4073 2838 4129 ambae
2863 4074 3135 4143 justitiam
3168 4081 3421 4145 operataa.
3454 4073 3545 4129 In-

1967 4171 2182 4233 gratum
2212 4164 2380 4235 igitur
2408 4172 2463 4220 et
2492 4165 2754 4235 injustum
2782 4165 2994 4221 faciunt
3033 4167 3227 4233 Deum,
3271 4167 3543 4238 siquidem

1964 4254 2232 4310 ambabus
2260 4256 2313 4310 in
2341 4256 2518 4327 ipsum
2541 4257 2914 4324 credentibus,
2949 4274 3112 4313 unam
3141 4260 3358 4315 salvare
3388 4259 3539 4323 velit,

2034 4471 2152 4539 (2'7)
2191 4473 2508 4526 Καταλύοι.
2541 4471 2686 4527 Editi
2717 4472 2992 4526 καταλύει.

2060 4542 2153 4611 2.8)
2191 4544 2639 4613 Φιμούσθωοῖαν.
2668 4542 2804 4599 Cod.
2838 4559 2941 4597 ms.
2972 4542 3407 4613 damnantium.

2042 4613 2154 4682 (29)
2192 4612 2333 4667 Καθ’
2363 4611 2605 4677 ἑαυτήν.
2632 4613 2769 4667 God.
2804 4628 2907 4665 ms.
2949 4611 3070 4665 καθ’
3100 4611 3290 4682 αὑτήν.

2030 4679 2152 4806 ί(⁵50)
2190 4683 2300 4737 Καὶ
2337 4682 2411 4734 δι’
2450 4683 2656 4736 αὑτοῦ.
2693 4682 3003 4751 Legendum
3040 4683 3133 4735 καὶ
3176 4679 3237 4751 δῆ
3286 4679 3450 4734 αὐτοῦ
3485 4689 3540 4735 et

2052 4754 2311 4806 erendum
2341 4752 2407 4805 ad
2438 4752 2661 4806 verbum
2684 4753 2932 4806 ἤκουσεν.
2965 4768 3073 4805 non
3100 4759 3304 4806 autem.
3334 4760 3393 4805 ut
3428 4750 3539 4803 Bilv

1966 4750 2311 4808 referendum
2341 4752 2407 4805 ad
2438 4752 2661 4806 verbum
2683 4753 2932 4876 gxoucsv,
2965 4768 3073 4805 non
3100 4750 3304 4815 autem,
3334 4760 3393 4805 ut
3428 4750 3539 4803 Bilv

1970 4824 2101 4876 lius.
2135 4823 2201 4876 ad
2237 4819 2521 4876 σώζεσθαι.
2556 4821 2674 4874 Aliu
2744 4823 2935 4875 vitium
2968 4823 3272 4876 sanabitur.
3309 4824 3354 4876 si
3384 4822 3535 4876 lega-

1970 4824 2101 4887 lius,
2135 4823 2201 4877 ad
2237 4819 2521 4885 σώζεσθαι.
2556 4819 2716 4876 Aliud
2744 4823 2935 4875 vitium
2968 4823 3272 4885 sanabitur,
3309 4824 3354 4877 si
3384 4822 3535 4890 lega-

1966 4910 2089 4948 mus
2122 4894 2214 4963 καί
2259 4893 2319 4944 οὐ
2352 4893 2452 4963 σὺν,
2488 4893 2623 4962 αὐτῇ
2662 4894 2693 4962 ὴ
2740 4891 2874 4963 σὰρξ
2920 4900 2974 4946 et
3014 4893 3349 4963 ἐπίστευσεν.
3397 4889 3536 4963 Illud

1965 4964 2132 5025 enim,
2163 4962 2275 5015 ἀλλ’
2307 4961 2622 5033 ἀμφύτερα,
2644 4961 2964 5030 argumento
2996 4969 3079 5033 est
3111 4962 3435 5033 scriptorem
3454 4961 3538 5033 Ade

1965 5035 2138 5087 solius
2170 5030 2365 5085 animae
2397 5031 2499 5084 lide
2523 5030 2697 5085 'antea
2731 5032 2967 5086 locutum
3000 5031 3188 5087 fuisse.
3238 5031 3357 5086 Mox
3390 5030 3539 5085 Editi

1966 5102 2059 5157 καὶ
2106 5102 2392 5155 ἐλούσαντο
2450 5131 2518 5140 -
2562 5101 2659 5154 Ed.
2716 5100 2953 5163 lenens.,
3001 5102 3093 5154 καί
3149 5103 3245 5155 σὺν
3303 5102 3438 5171 αὐτῇ
3505 5102 3534 5169 ἡ

1966 5171 2245 5294 uagam
2298 5172 2636 5233 ἐπίστευσεν,
2678 5189 2731 5224 κ.
2782 5189 2832 5223 τ.
2864 5171 2939 5238 λ.,
2969 5189 3187 5240 cumque
3222 5189 3286 5226 ea
3314 5188 3461 5234 caro,
3483 5180 3534 5224 et

1966 5258 2048 5294 cre
2089 5244 2105 5294 ἱ
2148 5244 2206 5294 it.
2241 5248 2347 5294 etc.

1965 5244 2206 5296 credidit.
2241 5248 2347 5296 etc.

2035 5284 2515 5383 (gi')"”A}1:5;6tspa
2536 5311 2892 5383 ἐλούσαντο.
2923 5308 3015 5383 Sic
3042 5310 3203 5383 etiam
3240 5308 3536 5383 Tertullia-

1962 5379 2068 5437 nus
2118 5383 2213 5435 lib.
2252 5379 2335 5434 De
2378 5379 2571 5436 resurr.
2598 5382 2793 5442 carnis,
2825 5395 2875 5434 c.
2919 5380 2989 5435 8:
3035 5380 3175 5435 Caro
3205 5379 3442 5432 abluitur
3478 5387 3535 5430 ut

1963 5454 2145 5505 anima
2173 5453 2517 5507 emaculetur.
2546 5450 2685 5505 Caro
2706 5451 2941 5519 ungitur,
2974 5459 3033 5503 ut
3063 5451 3242 5503 anima
3265 5464 3535 5502 consecre-

1964 5530 2069 5577 tur.
2129 5521 2268 5576 Caro
2316 5539 2504 5575 manus
2563 5521 2894 5588 impositione
2944 5519 3311 5580 adumbratur,
3363 5526 3419 5570 ut
3484 5528 3534 5570 et

1962 5593 2140 5645 anima
2184 5608 2216 5644 a
2255 5589 2459 5657 Spiritu
2500 5592 2849 5644 illuminetur.
2896 5589 3038 5644 Caro
3076 5597 3356 5658 corporeet
3403 5605 3533 5641 san-

1995 5662 2113 5715 uine
2146 5660 2345 5717 Christi
2383 5664 2624 5725 vescitur,
2656 5669 2715 5713 ut
2754 5660 2933 5712 anima
2978 5661 3041 5714 de
3082 5659 3191 5714 Deo
3236 5659 3528 5727 saginelur.

2021 5748 2086 5784 οη
2107 5741 2324 5803 possunt
2347 5749 2466 5801 ergo
2490 5732 2725 5803 separari
2746 5730 2799 5785 in
2821 5731 3053 5789 merxde
3074 5747 3207 5802 quas
3232 5745 3387 5799 opera
3411 5743 3533 5783 con»

1950 5801 2147 5872 jungit.
2178 5800 2433 5859 Cassius.
