3974 6256
405 359 546 430 1587

1602 356 2121 428 -ἈΡΡΕΝΒΙΧ-
2153 367 2333 429 PARS
2367 373 2429 430 ιι.

3505 362 3660 420 1588·

403 489 633 544 alteram
660 501 770 543 non
802 486 952 542 item.
993 465 1364 559 595'Certe,
1417 485 1695 556 inquiunt.
1742 487 1813 540 At
1849 501 1971 542 vero

2079 487 2171 541 τὸν
2203 489 2355 554 Θεὸν,
2385 491 2434 542 εί
2466 490 2574 542 τῶν
2607 490 2929 562 ἀμφοτέρων
2961 485 3324 540 πιστευόντων
3355 484 3436 545 είς
3467 480 3660 545 αὐτὸν,

405 580 590 636 anima
622 585 708 634 est
740 578 1078 647 incorrupta,
1125 583 1312 647 utpote
1351 591 1479 647 pars
1518 575 1615 632 Dei
1644 585 1699 631 et
1727 577 1977 646 spiracu-

404 673 518 727 lum
548 671 690 740 ejus,
721 683 786 724 ac
811 676 1096 740 propterea
1129 669 1184 724 id
1207 669 1351 740 quod
1375 668 1480 724 sibi
1511 669 1792 740 proprium
1817 677 1899 725 est
1925 676 1980 724 et

402 770 696 833 cognatum
740 761 955 817 salvare
983 760 1190 828 voluit;
1233 775 1365 815 caro
1414 768 1596 816 autem
1637 760 1978 830 corruptioni

399 856 660 918 obnoxia,
709 868 899 924 neque.
927 869 995 908 ex
1028 853 1150 924 ipso
1196 859 1302 917 est,
1342 853 1486 907 sicut
1534 853 1736 906 anima.
1781 851 1979 922 Ecquas

401 944 568 1014 igitur
598 944 703 1014 ipsi
729 944 924 1014 gratia,
949 950 1044 997 aut
1075 958 1197 1012 qua:
1218 943 1473 1012 potentiae
1496 952 1549 997 et
1579 943 1837 998 bonitatis
1859 942 1978 1012 ejus

401 1034 819 1102 demonstratio,
869 1035 918 1090 si
964 1036 1109 1104 quod
1163 1042 1360 1089 natura
1405 1035 1669 1099 salvatur,
1716 1043 1767 1089 et
1798 1035 1979 1104 portio

399 1128 521 1199 ejus
549 1137 654 1193 est,
689 1129 999 1185 salvaturus
1036 1129 1155 1184 sit?
1181 1128 1318 1183 Nam
1362 1131 1543 1199 ipsum
1577 1143 1642 1183 ex
1672 1128 1854 1196 seipso
1895 1141 1980 1182 sa-

399 1216 569 1276 lutem
598 1219 862 1286 habebat,
895 1221 968 1274 ita
998 1227 1056 1274 ut
1099 1221 1333 1274 animam
1374 1223 1594 1275 salvans
1629 1218 1764 1272 nihil
1793 1218 1976 1289 magni

399 1309 586 1377 faciat,
618 1325 742 1366 cum
768 1311 968 1366 salvari
1007 1327 1174 1382 penes
1211 1312 1384 1381 ipsam
1423 1311 1512 1376 sit,
1541 1310 1669 1380 quia
1693 1324 1822 1380 pars
1857 1310 1976 1379 ejus

397 1408 504 1464 est,
526 1408 788 1470 tanquam
809 1401 931 1469 ejus
958 1400 1313 1470 spiraculum.
1346 1397 1452 1453 Sed
1482 1413 1582 1454 nec
1599 1399 1646 1454 ei
1669 1398 1841 1468 gratia
1868 1407 1975 1466 est,

396 1494 549 1566 quod
578 1495 681 1549 sibi
708 1493 988 1564 proprium
1031 1502 1117 1549 est
1146 1493 1398 1547 salvanti.
1435 1491 1550 1546 Hoc
1579 1493 1723 1546 enim
1752 1499 1836 1547 est
1858 1507 1978 1546 ser-

395 1601 528 1641 vare
555 1586 819 1656 seipsum.
857 1584 1309 1655 Quandoquidem
1343 1585 1438 1654 qui
1483 1583 1568 1639 sui
1601 1591 1808 1652 partem
1860 1599 1978 1639 ser-

395 1682 511 1738 vat,
548 1675 790 1745 seipsum
830 1690 928 1744 per
979 1675 1221 1745 seipsum
1271 1683 1476 1739 servat,
1525 1675 1814 1746 nequando
1846 1691 1976 1746 pars

395 1763 491 1819 illa
522 1764 756 1820 deliciat.
800 1764 932 1821 Tale
960 1773 1140 1820 autem
1184 1764 1387 1821 factum
1418 1781 1529 1820 non
1558 1775 1643 1821 est
1686 1766 1837 1820 boni.
1882 1766 1977 1820 Vi-

395 1872 518 1912 rum
547 1859 692 1913 enim
727 1857 931 1913 bonum
967 1873 1128 1914 nemo
1163 1859 1316 1912 illum
1349 1859 1516 1924 dicet,
1567 1860 1660 1929 qui
1702 1859 1832 1915 ﬁliis
1861 1861 1978 1916 suis

395 1963 460 2004 ac
505 1951 793 2020 nepotibus
848 1950 1056 2022 aliquid
1114 1950 1477 2022 gratiﬁcatur.
1539 1950 1655 2005 Hoc
1711 1951 1859 2006 enim
1923 1960 1977 2007 et

395 2041 634 2097 maxime
683 2049 927 2114 agrestes
961 2042 1095 2098 fera:
1144 2043 1351 2098 faciunt
1379 2061 1394 2100 :
1424 2058 1547 2113 quae
1579 2043 1792 2098 etiamsi
1831 2057 1979 2097 mor-

393 2135 503 2186 tem
534 2147 632 2202 pro
664 2133 867 2189 fetibus
894 2134 1046 2190 obire
1077 2143 1346 2205 oporteat,
1394 2136 1537 2190 ultro
1578 2137 1630 2190 id
1671 2137 1972 2204 perferunt.

393 2223 466 2278 At
496 2226 544 2280 si
583 2227 708 2297 quis
731 2228 920 2282 eadem
951 2228 1126 2284 servis
1156 2228 1494 2298 praestiterit.
1530 2229 1578 2283 is
1608 2227 1825 2283 demum
1857 2242 1976 2283 me-

392 2317 504 2374 rito
545 2319 722 2374 bonus
767 2321 1002 2375 dicatur.
1049 2321 1187 2375 Hinc
1229 2320 1480 2376 Salvator
1520 2322 1681 2382 etiam
1725 2321 1976 2376 inimicos

394 2409 624 2481 diligere
653 2426 754 2466 nos
785 2412 1007 2467 docuit:
1042 2413 1245 2482 alioqui
1276 2427 1395 2481 quae
1421 2412 1578 2468 nobis
1602 2413 1777 2483 gratia
1807 2411 1976 2467 habe-

391 2501 585 2557 bitur?
614 2501 673 2558 ln
713 2520 824 2574 quo
868 2506 1085 2576 quidem
1124 2505 1370 2559 ostendit
1410 2504 1611 2559 bonum
1658 2519 1797 2574 opus
1827 2520 1972 2569 esse,

392 2593 506 2662 non
530 2609 597 2649 ex
628 2610 686 2650 se
717 2597 932 2667 genitos
961 2604 1172 2650 tantum
1202 2595 1451 2664 diligere,
1479 2596 1574 2652 sed
1605 2597 1768 2650 etiam
1799 2605 1976 2651 extra-

393 2701 550 2742 neos.
588 2685 719 2752 Quae
769 2697 948 2743 autem
985 2688 1146 2744 nobis
1176 2687 1452 2758 praacepit,
1489 2703 1552 2744 ea
1597 2689 1771 2743 multo
1820 2687 1974 2759 prius

393 2777 512 2850 ipse
533 2777 684 2833 facit.

951 2962 1023 3016 Et
1054 2973 1172 3034 post
1202 2979 1373 3033 pauca
1395 2979 1416 3018 :

462 3045 553 3102 IX.
589 3046 647 3103 Si
674 3050 884 3106 nullum
908 3051 976 3107 ad
998 3068 1156 3107 usum
1181 3069 1346 3109 carne
1367 3054 1616 3124 indiguit,
1649 3067 1748 3108 cur
1775 3059 1829 3109 et
1851 3067 1972 3108 eam

2077 582 2177 654 τὴν
2199 583 2296 653 μὲν
2315 581 2504 647 σώζειν
2527 582 2688 649 θέλει,
2703 583 2802 653 τὴν
2817 581 2873 635 δέ
2891 580 2950 634 οὔ
2966 579 3100 651 (52).
3122 576 3251 639 Ναὶ,
3271 574 3435 645 φασίν
3450 590 3463 602 ·
3480 572 3597 625 ἀλλ’
3620 574 3656 640 ἡ

2076 675 2176 748 μὲν
2195 674 2338 745 ψυχή
2363 676 2510 727 ἐστιν
2532 673 2808 744 ἄφθαρτος
2823 671 3043 744 (ὃὸ-54),
3066 671 3227 741 μέρος
3245 665 3378 720 οὖσα
3394 665 3490 718 τοῦ
3514 663 3654 717 Θεοῦ

2072 767 2170 820 καὶ
2213 763 2534 836 ἐμφύσημα,
2569 763 2663 818 καὶ
2706 763 2791 817 διὰ
2826 761 2980 816 τοῦτο
3015 761 3075 814 τὸ
3107 760 3231 812 ῐδιον
3261 758 3356 812 καὶ
3387 756 3652 824 συγγενὲς

2072 856 2294 926 ἐθέλησε
2332 857 2533 909 σῶσαι⁶
2567 858 2600 923 ή
2639 854 2695 907 δέ
2743 853 2877 923 σὰρξ
2909 851 3140 921 φθαρτῆ,
3175 851 3270 903 καὶ
3294 850 3395 901 οὐκ
3426 849 3522 900 ἀπ’
3558 845 3660 899 αὕ-

2076 943 2194 1006 τοῦ,
2226 943 2530 1014 καθάπερή
2559 942 2724 1014 ψυχή.
2756 938 2888 996 Εἶτα
2920 941 3002 1005 τίς
3034 939 3182 1010 αὐτῷ
3209 939 3397 1010 χάρις,
3445 937 3545 990 καὶ
3573 935 3661 998 τίς

2078 1035 2335 1099 ἐπίδειξις
2364 1035 2465 1106 τῆς
2491 1036 2772 1106 δυνάμεως
2799 1035 2892 1088 καὶ
2919 1032 3282 1105 χρηστότητος
3312 1029 3502 1091 αὐτοῦ,
3527 1030 3576 1080 εἰ
3599 1027 3663 1079 τὺ

2082 1127 2180 1196 μὲν
2208 1127 2365 1196 φύσει
2401 1127 2706 1198 σωζόμενον
2751 1129 2846 1181 καὶ
2878 1128 3042 1198 μέρος
3071 1126 3312 1196 ὑπάρχον
3351 1121 3520 1175 αὐτοῦ
3554 1119 3663 1173 σώ-

2079 1217 2190 1282 ζειν
2230 1217 2490 1289 ἡμελλεν;
2528 1218 2668 1270 Αὐτὸ
2707 1218 2816 1289 γὰρ
2859 1217 2917 1281 ἐξ
2949 1217 3141 1269 ἑαυτοῦ
3185 1212 3295 1284 εἷχε
3340 1213 3439 1282 τὴν
3477 1228 3660 1280 σωτη-

2080 1310 2238 1381 ρίαν·
2271 1310 2410 1362 ὥστε
2456 1311 2554 1382 τὴν
2590 1310 2688 1380 μὲν
2732 1310 2911 1382 ψυχὴν
2958 1308 3164 1375 σώζων,
3199 1309 3259 1360 οὐ
3303 1306 3445 1376 μέγα
3489 1303 3672 1354 ποιεῖ.-

2077 1404 2150 1456 Τδ
2177 1403 2284 1474 γὰρ
2319 1402 2584 1469 σώζεσθαι
2616 1405 2877 1475 πάρεστιν
2902 1405 3059 1475 αὐτῇ,
3085 1406 3166 1457 ὅτι
3195 1404 3342 1455 ἐστὶν
3373 1398 3539 1452 αὑτοῦ
3565 1397 3664 1467 μέ-

2081 1510 2190 1565 ρος,
2243 1496 2543 1567 ἐμφύσημα
2587 1496 2751 1549 αὑτοῦ
2783 1495 2935 1551 οὖσα.
2979 1495 3118 1549 Ἀλλ’
3161 1495 3282 1547 οὐδὲ
3316 1493 3477 1563 χάρις
3508 1488 3663 1558 αὐτῷ

2075 1586 2136 1637 τὸ
2171 1585 2298 1640 ἴδιον
2335 1584 2593 1648 σώζοντι·
2616 1587 2774 1640 τοῦτο
2807 1587 2916 1657 γάρ
2941 1588 3086 1639 ἐστιν
3116 1584 3305 1638 ἑαυτὸν
3336 1581 3549 1645 σώζειν.
3599 1581 3661 1632 '0

2076 1677 2184 1747 γὰρ
2209 1677 2269 1730 τὸ
2304 1679 2468 1748 μέρος
2499 1678 2663 1731 αὑτοῦ
2700 1678 2886 1741 σώζων
2920 1679 2986 1732 δι’
3019 1675 3212 1730 ἑαυτοῦ
3242 1674 3433 1728 ἐαυτὸν
3468 1671 3659 1735 σώζει,

2082 1770 2155 1839 μή
2199 1786 2331 1822 ποτε
2358 1772 2534 1824 ἐκεῖνο
2570 1771 2632 1823 τὸ
2667 1771 2830 1841 μέρος
2867 1772 3043 1833 ἐνδεὲς
3075 1769 3330 1840 γένηται·
3372 1767 3475 1818 οὐκ
3508 1764 3662 1816 ἐστιν

2079 1858 2284 1927 ἀγαθοῦ
2313 1860 2373 1912 τὸ
2401 1860 2661 1914 τοιοῦτον.
2700 1861 2835 1914 Οὐδέ
2876 1860 2984 1932 γάρ
3022 1859 3302 1930 ἄνθρωπον
3336 1855 3540 1925 ἀγαθόν
3574 1871 3661 1915 τις

2079 1954 2194 2023 ἐρεῖ
2223 1952 2316 2006 τὸν
2347 1955 2460 2016 τοῖς
2490 1953 2702 2016 τέκνοις
2735 1951 2901 2005 αὑτοῦ
2947 1952 3042 2004 καὶ
3079 1952 3322 2018 ἐκγόνοις
3365 1945 3664 2018 χαριζόμε-

2077 2041 2168 2093 νόν
2210 2058 2285 2096 τι.
2328 2041 2500 2095 Τοῦτο
2539 2041 2648 2113 γὰρ
2689 2040 2784 2094 καὶ
2823 2040 2893 2093 τὰ
2935 2038 3249 2110 ἀγριώτατα
3297 2035 3405 2088 τῶν
3452 2033 3668 2104 Θηρίων

2077 2133 2323 2188 ποιοῦσι·
2351 2133 2451 2188 κᾶν
2477 2134 2911 2206 ὑπεραποθανείν
2943 2133 3053 2186 τῶν
3079 2132 3315 2200 ἐκγόνων
3339 2127 3520 2182 αὐτῶν
3541 2127 3662 2196 δέῃ,

2078 2226 2256 2279 ἑκοντὶ
2296 2225 2454 2279 τοῦτο
2503 2226 2883 2296 ὑπομένουσιν.
2931 2225 2994 2277 El
3027 2224 3084 2276 δέ
3127 2239 3213 2285 τις
3251 2221 3321 2274 τὰ
3363 2218 3505 2273 αὐτὰ
3545 2221 3666 2280 τῶς

2078 2318 2284 2383 δούλοις
2314 2319 2603 2391 παράσχοι,
2644 2318 2865 2380 δικαίως
2898 2317 2964 2370 ἂν
2992 2309 3147 2378 οὗτος
3177 2314 3384 2382 λέγοιτο
3432 2310 3660 2379 ἀγαθός.

2078 2410 2178 2463 Διά
2233 2410 2393 2464 τοῦτο
2457 2413 2550 2466 καὶ
2618 2414 2647 2465 ό
2715 2409 2907 2481 Σωτὴρ
2969 2407 3204 2474 ἐδίδαξεν
3245 2407 3391 2476 ἡμᾶς
3439 2405 3668 2472 ἀγαπᾷν

2077 2502 2203 2565 τοὺς
2237 2503 2492 2574 ἐχθρούς·
2548 2503 2669 2556 ἐπεὶ
2711 2503 2796 2566 τίς
2838 2503 2971 2572 ἡμῖν
3018 2501 3174 2572 χάρις
3218 2497 3401 2560 ἐστίν;
3453 2495 3660 2566 φησιν’

2075 2591 2216 2645 ὥστε
2263 2594 2496 2664 δέδειχεν
2539 2595 2674 2664 ἡμῖν
2710 2592 2914 2660 ἀγαθὸν
2953 2591 3112 2662 ἔργον
3147 2585 3284 2642 εἶναι
3315 2588 3377 2641 τὸ
3424 2587 3499 2658 μὴ
3532 2587 3674 2650 τοὺς·

2076 2684 2136 2749 ἐξ
2182 2687 2346 2739 αὑτοῦ
2389 2685 2680 2754 γεγονότας
2725 2685 2883 2756 μόνον
2917 2684 3156 2753 ἀγαπᾷν,
3209 2679 3345 2733 ἀλλὰ
3387 2680 3482 2732 καὶ
3531 2679 3666 2740 τοὺς

2077 2779 2294 2844 ἔξωθεν.
2323 2781 2388 2832 "A
2419 2780 2476 2833 δέ
2498 2781 2630 2851 ἡμῖν
2654 2777 3010 2850 παρήγγειλε,
3034 2777 3166 2830 πολὺ
3196 2773 3460 2845 πρότερον
3494 2771 3666 2832 αὐτὸς

2077 2875 2237 2927 ποιεῖ.

2532 2964 2642 3017 Kal
2675 2964 2804 3032 μετ’
2837 2962 3013 3030 ὀλίγα
3045 2959 3154 3032 (55)
3173 2977 3186 2989 '

2144 3057 2236 3110 IX.
2269 3056 2329 3109 Ei
2357 3056 2436 3119 είς
2465 3055 2627 3127 μηδὲν
2650 3055 2850 3129 ἔχρῃζε
2877 3056 2975 3126 τῆς
3003 3053 3224 3125 σαρκὸς,
3257 3051 3312 3104 τί
3345 3050 3440 3104 καὶ
3463 3046 3667 3118 ἐθερά-

392 3138 650 3193 sanavit?
688 3139 755 3194 Et
801 3141 948 3211 quod
993 3145 1235 3198 omnium
1277 3144 1636 3200 fortissimum
1681 3151 1784 3208 est,
1819 3159 1971 3198 mor-

2077 3164 2274 3201 πευσεν
2303 3147 2473 3217 αὑτήν
2497 3163 2511 3214 ;
2535 3148 2646 3200 Καὶ
2666 3148 2726 3199 τὸ
2757 3147 2974 3200 πάντων
3001 3145 3110 3216 (56)
3140 3143 3504 3214 ἰσχυρότερον,
3529 3142 3664 3201 τοὺς

392 3234 519 3283 tuos
541 3230 847 3287 suscitavit.
873 3231 990 3298 Qua
1019 3234 1086 3288 de
1107 3249 1271 3288 causa
1293 3237 1316 3289 ?
1336 3234 1528 3291 Nonne
1553 3243 1610 3288 ut
1633 3234 1973 3289 demonsua-

390 3329 478 3376 ret
505 3324 684 3394 qualis
714 3325 893 3378 futura
919 3335 1065 3381 esset
1097 3328 1468 3383 resurrectio?
1494 3327 1777 3393 Quomodo
1807 3327 1974 3396 igitur

393 3420 644 3470 mortuos
683 3418 992 3481 suscitavit,
1029 3426 1212 3471 utrum
1249 3419 1460 3474 animas
1500 3434 1568 3472 an
1602 3418 1877 3488 corpora?
1903 3415 1974 3470 At

384 3505 747 3562 manifestum
780 3517 864 3564 est
893 3511 1040 3580 quod
1069 3521 1319 3581 utraque.
1354 3509 1410 3564 Si
1456 3520 1634 3565 autem
1667 3509 1973 3581 spiritualis

391 3603 605 3651 tantum
635 3608 781 3654 esset
826 3603 1180 3667 resurrectio,
1219 3603 1551 3671 oportuisset
1583 3609 1641 3656 ut
1679 3617 1972 3672 resurgens

393 3686 512 3755 ipse
544 3691 857 3745 ostenderet
894 3707 1145 3747 seorsum
1173 3707 1373 3762 corpus
1395 3693 1607 3762 jacens,
1639 3699 1692 3748 et
1721 3707 1970 3747 seorsum

395 3778 634 3833 animam
668 3782 1048 3837 cxsistentem.
1074 3782 1230 3838 Nunc
1261 3793 1438 3838 autem
1469 3784 1523 3837 id
1555 3799 1665 3837 non
1693 3783 1840 3846 fecit,
1875 3783 1970 3837 sed

391 3869 684 3923 suscitavit
727 3886 949 3942 corpus,
983 3874 1037 3928 in
1065 3890 1132 3929 eo
1167 3875 1584 3945 promissionem
1615 3866 1740 3930 vitae
1769 3875 1971 3931 conﬁr-

391 3971 572 4013 mans.
598 3960 714 4026 Qua
744 3965 872 4034 er'go
895 3965 961 4019 de
991 3980 1156 4020 causa
1189 3967 1242 4019 in
1269 3981 1456 4031 carne,
1491 3982 1610 4035 quae
1638 3981 1798 4036 passa
1829 3973 1970 4030 erat,

391 4053 717 4118 resurrexit,
749 4056 858 4109 nisi
897 4063 956 4110 ut
1003 4059 1186 4113 carnis
1236 4060 1694 4114 resurrectionem
1745 4059 1974 4114 demon-

393 4145 633 4199 straret?
660 4146 837 4216 Atque
864 4148 918 4202 id
951 4149 1277 4205 conﬁrmare
1307 4151 1517 4214 volens,
1555 4165 1678 4205 cum
1713 4151 1968 4221 discipuli

392 4234 515 4302 ejus
544 4251 654 4291 non
686 4237 970 4292 crederent
992 4254 1116 4293 eum
1138 4255 1266 4295 vere
1293 4241 1684 4304 resurrexisse,
1719 4242 1815 4296 sed
1843 4259 1965 4296 eum

391 4326 641 4383 viderent
672 4343 736 4383 ac
766 4330 1101 4395 dubitarent,
1136 4332 1274 4386 dixit
1304 4333 1386 4387 eis
1415 4351 1428 4388 :
1473 4331 1725 4386 Nondum
1763 4335 1965 4388 habetis

389 4419 573 4488 ﬁdem,
605 4421 804 4492 inquit,
837 4422 1002 4478 videte
1025 4423 1149 4494 quia
1183 4440 1275 4494 ego
1299 4439 1416 4478 sum
1447 4424 1529 4492 ³²;
1563 4439 1730 4495 seque
1751 4425 1830 4487 eis
1851 4426 1960 4495 pal-

497 4559 542 4592 ³³
567 4557 702 4615 Luc.
729 4575 882 4625 xxiv,
918 4560 1008 4614 52.

465 4671 589 4744 (δὲ)
621 4671 723 4727 Ed.
765 4672 981 4728 lenens.
1016 4673 1132 4729 haec
1165 4675 1292 4744 legit
1323 4689 1447 4728 cum
1499 4675 1964 4743 interrogatione:

388 4742 682 4812 Anrigitur
725 4745 992 4812 ingratum
1033 4754 1083 4797 et
1127 4742 1384 4811 injustam
1425 4745 1627 4812 faciunt
1657 4742 1870 4811 jDeum,
1923 4746 1970 4797 si

392 4811 670 4865 ambarum
698 4813 753 4866 in
776 4811 946 4880 ipsum
971 4813 1290 4868 credentium
1314 4811 1473 4868 unam
1495 4816 1695 4869 servari
1724 4816 1863 4878 velit,
1895 4815 1968 4868 al-

389 4893 561 4936 teram
587 4899 693 4935 non
714 4885 739 4937 ?

464 4952 673 5024 @5754»)
706 4954 1054 5024 Α’Λφθαρτος.
1098 4953 1234 5009 Cod.
1267 4970 1370 5008 ms.
1407 4954 1698 5024 ἄφθαρτον.

462 5022 574 5090 ('55)
613 5021 722 5075 Kal
744 5023 870 5090 μετ’
906 5023 1098 5093 όλϊγιι.
1132 5024 1262 5088 Qum
1294 5025 1435 5078 inter
1458 5021 1631 5091 'liuj'us
1659 5033 1713 5078 et
1745 5033 1965 5078 antece-

384 5090 572 5146 dentis
620 5090 1023 5159 disputationis
1063 5103 1376 5147 contextum
1427 5090 1646 5156 desunt,
1704 5094 1844 5149 forte
1895 5094 1963 5148 ad

385 5163 674 5234 veritatem
701 5162 887 5234 carnis
930 5160 1060 5216 Jesu
1095 5161 1298 5218 Christi
1331 5164 1812 5218 demonstrandam
1841 5181 1965 5234 per-

385 5233 688 5286 tinuerunt.
719 5229 1023 5285 Tauranus.

458 5302 570 5423 $56)
610 5300 721 5355 Kal
742 5301 807 5354 τὸ
835 5301 1094 5355 πάντων.
1125 5300 1260 5356 Cod.
1297 5317 1399 5355 ms.
1435 5301 1492 5352 ἓν
1526 5302 1586 5353 τὸ
1615 5302 1850 5355 πάντων.
1883 5301 1969 5355 Si-

458 5374 460 5423 i
489 5373 502 5423 i
537 5378 856 5423 argumento
885 5379 1114 5423 utuntur
1157 5370 1410 5423 Irenaaus.
1459 5378 1516 5423 ut
1549 5372 1802 5423 observat
1830 5371 1968 5423 Gra-

386 5370 502 5425 mili
537 5378 856 5439 argumento
885 5379 1114 5424 utuntur
1157 5370 1410 5434 Irenaztts,
1459 5378 1516 5423 ut
1549 5372 1802 5427 observat
1830 5371 1968 5424 Gra-

386 5440 534 5505 bius,
569 5442 663 5496 lib.
695 5454 747 5501 v,
775 5456 896 5509 cap.
923 5441 1497 5504 1%,etTertullianus,
1531 5441 1604 5494 De
1636 5458 1970 5496 resurr.car-

385 5513 490 5572 nis,
522 5526 644 5581 cap.
673 5511 777 5581 58.
801 5509 923 5581 Vid.
962 5509 1019 5564 S.
1049 5510 1252 5565 Justin.
1282 5511 1502 5581 rDialog.
1537 5527 1594 5565 n.
1626 5512 1715 5566 69.

458 5577 683 5652 (57)Ἐί
720 5579 788 5632 δὲ
833 5577 912 5650 ἦν
939 5580 1306 5648 πνευματικὴ
1334 5577 1514 5649 μόνὴ,
1543 5599 1598 5633 κ.
1626 5597 1676 5634 τ.
1722 5585 1780 5634 .1.
1810 5578 1966 5652 Patet

384 5650 511 5720 etim
543 5650 597 5705 in
629 5651 716 5705 his
742 5666 1032 5704 occurrere
1069 5653 1202 5705 velle
1236 5652 1676 5706 adversariorum
1711 5650 1960 5720 petitioni

388 5719 523 5788 ipsis
577 5735 790 5790 semper
840 5727 1062 5791 paratae.
1110 5721 1244 5776 Cum
1293 5723 1436 5775 enim
1481 5721 1584 5789 ipsi
1633 5719 1827 5774 animae
1864 5721 1961 5772 im-

385 5789 796 5869 mortalitatem,
840 5789 900 5846 ut
926 5789 1170 5847 Gnostici
1199 5792 1310 5848 fere
1353 5807 1565 5860 omnes,
1600 5791 1952 5863 largircntur,

2001 4511 2048 4566 D

2075 3239 2302 3308 νεκροὺς
2342 3239 2624 3309 ἀνέστησε.
2662 3240 2818 3301 Τίνος
2859 3237 3075 3302 ἓνεκενς
3111 3236 3222 3305 Οὐχ
3263 3235 3352 3287 ἵνα
3381 3233 3528 3302 δείξῃ
3558 3231 3666 3301 τὴν

2077 3335 2391 3397 ἀνάστασιν,
2410 3334 2498 3385 οἵα
2520 3333 2699 3404 μέλλει
2714 3333 2956 3401 γίνεσθαι
2975 3349 2988 3397 ;
3009 3329 3132 3394 Πῶς
3153 3326 3246 3383 οὖν
3276 3331 3404 3391 τοὺς
3426 3327 3662 3395 νεκροὺς

2076 3425 2368 3496 ἀνέστησε;
2406 3425 2638 3495 Πότερον
2671 3422 2771 3486 τὰς
2799 3421 2977 3492 ψυχὰς
3015 3421 3048 3491 ἢ
3084 3420 3152 3472 τά
3184 3418 3448 3489 σώματα;
3495 3415 3662 3468 Ἀλλὰ

2073 3517 2249 3589 δῆλον,
2283 3516 2363 3568 ὅτι
2396 3515 2695 3586 ἀμφότερα.
2727 3514 2790 3566 Εἰ
2823 3513 2878 3565 δὲ
2907 3509 2976 3583 ἦν
3007 3509 3345 3580 πνευματικὴ
3377 3509 3513 3578 μόνη
3545 3508 3636 3574 (57

2075 3611 2108 3681 ἡ
2159 3609 2474 3670 ἀνάστασις,
2525 3607 2714 3677 ἐχρῆν,
2764 3604 3071 3658 ἀναστάντα
3117 3602 3298 3663 αὐτὸν,
3345 3603 3469 3653 κατ’
3518 3599 3662 3652 ἰδίαν

2077 3699 2176 3769 μὲν
2203 3694 2370 3760 δεῖξαι
2395 3696 2457 3748 τὸ
2492 3696 2649 3766 σῶμα
2686 3694 2952 3764 κείμενον,
2999 3696 3118 3746 κατ’
3154 3692 3286 3745 ίδίαν
3318 3691 3373 3744 δὲ
3417 3690 3520 3761 τὴν
3549 3691 3660 3760 dm-

2073 3789 2172 3861 χὴν
2223 3788 2595 3858 ὑπάρχουσαν.
2631 3787 2744 3840 Νῦν
2785 3786 2842 3838 δέ
2888 3785 3045 3837 τοῦτο
3095 3785 3191 3854 μὲν
3232 3783 3331 3836 οὐκ
3373 3782 3656 3851 ἐποίησεν,

2071 3883 2337 3954 ἀνέστησε
2371 3882 2428 3933 δέ
2467 3881 2530 3934 τὸ
2565 3881 2742 3950 σῶμα,
2775 3879 2877 3949 τῆς
2917 3877 3063 3947 ζωῆς
3095 3877 3192 3947 τὴν
3231 3874 3563 3943 ἐπαγγελίαν
3597 3875 3662 3927 ἐν

2072 3975 2221 4045 αὐτῷ
2251 3973 2628 4044 πιστούμενος.
2661 3972 2821 4034 Τίνος
2862 3967 2956 4024 οὖν
2985 3970 3175 4021 ’ἐνεκεν
3202 3970 3259 4019 ἐν
3291 3970 3356 4037 τῇ
3394 3968 3558 4036 σαρκὶ
3583 3968 3656 4035 τῇ

2072 4065 2320 4138 παθούσῃ
2353 4065 2576 4134 ἀνέστη,
2613 4065 2660 4115 εἰ
2701 4062 2776 4133 μὴ
2800 4063 2888 4115 ἵνα
2921 4061 3067 4131 δείξῃ
3089 4059 3186 4129 τὴν
3217 4057 3486 4128 σαρκικὴν
3517 4056 3658 4109 ἀνά-

2073 4175 2298 4223 στασιν;
2346 4158 2455 4210 Καὶ
2503 4155 2662 4209 τοῦτο
2711 4154 3034 4224 βουλόμενος
3088 4149 3495 4224 πιστοποιῇσαι,
3540 4147 3660 4198 τῶν

2073 4250 2331 4322 μαθητῶν
2361 4249 2526 4304 αὐτοῦ
2562 4247 2635 4318 μὴ
2681 4246 3062 4311 πιστευόντων,
3106 4245 3154 4315 si
3193 4240 3408 4310 ἀληθῶς
3439 4237 3658 4308 σώματι

2069 4335 2290 4413 ἀνέστη,
2318 4340 2618 4411 βλεπόντων
2640 4337 2817 4390 αὐτῶν
2843 4338 2935 4390 καὶ
2962 4333 3336 4397 δισταζόντων,
3361 4327 3515 4382 εἶπεν
3540 4329 3654 4397 (58)

2072 4434 2254 4496 αὐτοῖς
2277 4449 2290 4462 ’
2328 4432 2503 4486 Οὔπω
2532 4431 2701 4499 ἔχετε
2732 4430 2962 4492 πίστιν,
2998 4426 3127 4497 φησί
3151 4441 3166 4454 ο
3208 4424 3387 4486 ῑδετε,
3421 4422 3513 4474 ὅτι
3537 4420 3658 4490 ἐγώ

2073 4667 2294 4739 quando
2339 4679 2484 4718 nunc
2528 4663 2882 4739 urgebantur,
2915 4663 3273 4739 ut_dicerent,_
3305 4660 3656 4739 quid_tamen

2073 4732 2513 4793 resurrecturum
2568 4732 2660 4797 sit,
2695 4736 3118 4788 resurrectionis
3164 4734 3391 4786 verbum
3428 4732 3658 4800 ﬁgurate

2074 4807 2487 4876 intelligendum
2514 4820 2637 4876 esse
2662 4805 3072 4874 praecipiebant,
3106 4803 3172 4876 de
3206 4803 3402 4876 anima:
3439 4801 3592 4876 exitu
3624 4817 3659 4854 e

2073 4869 2304 4947 corpore
2345 4869 2679 4947 inarticulo'
2706 4869 2919 4947 mortis,
2962 4883 3055 4947 aut
3099 4873 3260 4926 etiam
3301 4872 3370 4947 de
3402 4869 3655 4942 ejusdem

2073 4942 2347 5017 per—lianc
2373 4946 2540 5017 vitam
2576 4959 2606 5017 a
2637 4945 2914 5017 comnmnj
2949 4942 3541 5017 I‘eliqttorum_vivenql_
3570 4953 3660 4992 n-

2072 5008 2221 5072 iione
2268 5017 2335 5069 ad
2384 5016 2755 5069 sublimiorem
2808 5014 3010 5081 γνῶσιν
3059 5008 3656 5081 translatione._ll:mc

2073 5097 2361 5155 utramque
2401 5099 2511 5137 uno
2545 5085 2710 5155 verbo
2740 5078 3384 5155 spi‘ritualemdicebant.
3413 5078 3656 5155 _Tsi.L_£-

2073 5174 2191 5211 nus.
2223 5149 2454 5224 ln'signis
2485 5163 2570 5208 est
2601 5155 2671 5209 de
2699 5149 2803 5224 hac
2833 5153 3103 5220 spirituali
3134 5149 3655 5224 resurrectione__lo-

2073 5245 2171 5281 eus
2202 5217 2525 5280 Tertulliani
2557 5225 2592 5278 l.
2620 5239 2672 5277 c.
2705 5223 2783 5276 De
2812 5217 3011 5276 resurr.
3037 5223 3233 5284 carnis,
3268 5236 3318 5273 c.
3351 5219 3418 5271 19
3440 5238 3451 5272 :
3476 5237 3492 5266 ι
3536 5217 3652 5272 Hoc

2073 5298 2306 5365 denique
2349 5295 2568 5362 ingenio
2605 5297 2765 5348 etiam
2818 5294 2871 5346 in
2901 5291 3205 5367 ΔιξοΙιοιιιιίίε
3255 5305 3400 5357 same
3428 5297 3651 5367 nostros

2073 5363 2326 5435 decipere
2359 5371 2715 5435 consuerunt,
2756 5363 2913 5435 quasi
2953 5371 3005 5416 et
3043 5363 3143 5431 ipsi
3183 5363 3648 5435 resurrectionem

2071 5429 2256 5490 earn-is
2283 5436 2591 5487 admittant.
2624 5432 2735 5495 Vae,
2767 5429 3112 5502 i'nquiunt..'..
3136 5432 3226 5499 qui
3261 5445 3367 5502 non
3390 5469 3403 5490 ,
3430 5429 3562 5502 dum
3594 5429 3649 5479 in

2072 5507 2174 5560 hac
2204 5521 2369 5559 carne
2392 5515 2494 5566 est.
2531 5499 2854 5572 cognoverit
2880 5516 3079 5572 arcana
3113 5500 3393 5572 haeretica;
3411 5499 3534 5572 hoc
3562 5507 3651 5572 est

2069 5579 2213 5630 enim
2265 5575 2406 5644 apud
2459 5574 2582 5626 illos
2603 5569 2978 5644 resurrectio.
3033 5570 3137 5644 Sed
3180 5579 3240 5644 et
3289 5569 3535 5638 plerique
3579 5569 3652 5618 ab

2069 5641 2313 5700 excessu'
2339 5644 2534 5698 animae
2577 5642 3031 5697 resurrectionem
3068 5641 3433 5705 vindicantes,
3464 5659 3482 5691 ι
3536 5645 3645 5693 etc.

2067 5715 2145 5771 Οτ
2155 5733 2243 5768 το.

2135 5787 2247 5858 (58)
2287 5781 2489 5839 Εἶπεν.
2519 5782 2652 5838 Cod.
2695 5797 2798 5837 ms.
2832 5779 3021 5835 είπών.
