3974 6256
314 341 455 400 1589

1544 335 1603 392 S.
1643 332 1910 392 JUSTlNl
1947 331 2398 392 FRAGMENTA.

3426 334 3569 393 £590

310 461 427 528 εἰμι
446 472 459 486 ·
492 454 586 510 καὶ
607 453 858 526 ψηλαφᾷν
886 453 1045 509 αὐτὸν
1074 452 1374 525 ἐπέτρεπεν
1409 452 1611 517 αὐτοῖς,
1642 455 1737 507 καὶ
1765 456 1891 518 τοὺς

2007 451 2231 522 pandum
2260 446 2494 521 prmbuit
2522 454 2577 503 et
2603 447 2723 503 loca
2747 447 3025 503 clavorum
3058 447 3117 503 in
3155 447 3410 505 manibus
3449 450 3568 505 suis

311 548 516 610 τύπους
535 545 645 599 τῶν
667 545 811 617 ἥλων
839 548 897 599 ὲν
923 548 1040 608 ταῖς
1062 546 1247 617 χερσὶν
1267 543 1597 597 ἐπεδείκνυε.
1622 546 1732 598 Καὶ
1755 561 1890 597 παν-

310 640 536 712 ταχόθεν
574 639 738 694 αὐτὸν
786 640 1249 711 κατανοήσαντες,
1283 640 1365 692 ὅτι
1407 639 1568 703 αὐτός
1611 641 1726 692 ἐστι
1750 681 1765 706 ,
1798 639 1893 692 καὶ

314 737 371 787 ὲν
412 732 492 804 τῷ
532 731 768 803 σώματι,
804 732 1182 804 παρεκάλεσαν
1221 731 1384 785 αὐτὸν
1417 733 1609 799 φαγεῖν
1646 733 1765 800 μετ’
1796 732 1897 784 αύ-

314 824 445 891 τῶν,
476 825 563 877 ἵνα
592 824 686 877 καὶ
727 824 816 877 διὰ
843 825 1030 877 τούτου
1081 823 1311 893 βεϐαίως
1354 823 1617 894 μάθωσιν,
1650 822 1733 875 ὅτι
1763 822 1896 893 ἀλη-

317 915 774 988 θῶςσωματικῶς
801 917 998 987 ἀνέστη
1023 934 1035 945 ·
1068 918 1161 970 καὶ
1180 916 1344 985 ἔφαγε
1373 915 1562 987 κηρίον
1585 915 1679 967 καὶ
1711 914 1890 984 ἰχθύνο

316 1009 411 1062 καὶ
436 1007 607 1070 οὕτως
635 1007 905 1072 ἐπιδείξας
934 1008 1134 1074 αὐτοῖς,
1167 1008 1248 1061 ὅτι
1276 1007 1491 1079 ἀληθῶς
1530 1005 1731 1078 σαρκὸς
1759 1006 1895 1060 ἀνά-

316 1099 507 1163 στασίς
551 1088 679 1170 (59)’
710 1101 862 1153 ἐστι·
909 1099 1227 1170 βουλόμενος
1270 1098 1529 1165 ἐπιδεῖξαι
1576 1099 1668 1151 καὶ
1713 1098 1891 1163 τοῦτο,

316 1191 496 1255 καθὼς
515 1192 735 1264 εἴρηκεν
762 1194 817 1245 ὲν
848 1192 1061 1263 οὐρανῷ
1093 1192 1191 1261 τὴν
1212 1192 1527 1263 κατοίκησιν
1546 1191 1705 1262 ἡμῶν
1727 1191 1901 1261 ὑπάρ-

316 1301 451 1353 χειν,
485 1284 566 1335 ὃτι
594 1285 694 1337 ούκ
732 1283 987 1337 ἀδύνατον
1020 1284 1113 1336 καὶ
1145 1284 1309 1355 σαρκὶ
1355 1284 1435 1346 εἰς
1480 1282 1709 1354 οὐρανὸν
1742 1282 1897 1336 ἀνελ-

316 1374 449 1437 θεῖν,
472 1374 783 1444 ἀνελήφθη
803 1375 1162 1438 βλεπόντων
1178 1373 1375 1428 αὐτῶν
1391 1376 1477 1441 είς
1492 1374 1599 1428 τὸν
1612 1373 1893 1441 οὐρανὸν,

314 1465 391 1529 ὡς
424 1462 492 1537 ἦν
539 1467 595 1519 ὲν
645 1470 711 1537 τῇ
758 1468 940 1537 σαρκί.
981 1466 1227 1531 Οὐκοῦν,
1262 1465 1315 1519 εί
1371 1484 1455 1530 τις
1495 1468 1717 1519 ἀπαιτεῖ
1759 1464 1899 1536 μετά

313 1557 494 1611 πάντα
535 1557 603 1611 τὰ
628 1558 892 1631 εἰρημένα
940 1558 1131 1628 λόγους
1161 1559 1573 1623 ἀποδεικτικοὺς
1606 1558 1735 1631 περί
1763 1558 1896 1612 ἀνα-

318 1650 580 1713 στάσεως,
625 1649 778 1703 ούδὲν
826 1650 932 1703 τῶν
978 1650 1349 1704 Σαδδουκαίων
1378 1651 1662 1723 διαφέρειο
1709 1650 1896 1723 ἐπειδὴ

311 1742 348 1810 ἡ
397 1740 690 1804 ἀνάστασις
745 1740 845 1811 τῆς
895 1742 1095 1813 σαρκὸς
1145 1742 1371 1813 δύναμις
1419 1742 1552 1796 Θεοῦ
1610 1744 1745 1808 ἐστι,
1801 1743 1896 1796 καί¹

1993 542 2249 599 ostendit.
2274 542 2411 597 Cum
2437 554 2569 612 ergo
2593 540 2955 611 undequaque
2976 540 3360 610 cognovissent
3387 539 3568 611 ipsum

1993 649 2117 691 esse
2154 641 2209 688 et
2249 634 2307 688 in
2348 647 2602 703 corpore,
2648 632 2853 688 hortati
2881 639 3011 688 sunt
3047 631 3203 687 illum
3242 631 3311 687 ad
3334 631 3572 687 mandu-

1993 728 2228 786 candum
2259 743 2478 793 secum,
2506 735 2568 783 ut
2593 728 2755 783 etiam
2784 744 2880 799 per
2907 728 3013 783 hoc
3037 728 3344 785 certissime
3367 742 3575 800 cogno-

1996 828 2215 878 scerent
2243 820 2426 891 ipsum
2455 834 2583 875 vere
2613 820 2977 892 corporaliter
3016 820 3418 887 resurrexisse;
3453 828 3571 874 tum

1994 912 2229 969 comedit
2258 911 2440 968 favum
2484 912 2663 969 mellis
2691 918 2745 968 et
2776 913 3003 983 piscem.
3037 910 3285 981 Cumque
3326 911 3574 981 ipsis.sic

1995 1004 2325 1060 ostendisset
2352 1019 2480 1061 vere
2498 1019 2621 1060 esse
2651 1006 2837 1069 carnis
2860 1006 3321 1063 resurrectionem
3342 1047 3356 1072 ,
3380 1005 3573 1060 volens

1995 1097 2159 1152 etiam
2191 1096 2325 1152 illud
2353 1099 2642 1155 ostendere
2675 1098 3152 1171 (quemadmodum
3182 1097 3321 1152 dixit
3345 1097 3402 1152 in
3431 1095 3575 1151 cmlo

1996 1195 2242 1243 nostram
2278 1202 2402 1245 esse
2435 1188 2891 1245 inhabitationem
2919 1188 2989 1261 ⁸³)
3036 1190 3191 1244 carni
3236 1187 3583 1257 impossibile

1996 1296 2108 1335 non
2134 1294 2257 1336 esse
2285 1280 2342 1334 in
2364 1280 2565 1337 caelum
2593 1281 2915 1345 ascendere,
2944 1280 3236 1339 videntibus
3265 1280 3377 1334 illis
3403 1280 3581 1334 eleva-

1998 1381 2081 1427 tus
2115 1380 2195 1428 est
2218 1372 2273 1426 in
2301 1372 2510 1439 caelum,
2540 1380 2601 1428 ut
2647 1382 2768 1429 erat
2800 1373 2858 1429 in
2893 1388 3059 1429 carne
3087 1372 3154 1428 ’δε
3204 1371 3264 1428 Si
3292 1371 3418 1443 quis
3443 1385 3577 1443 ergo

1995 1472 2121 1536 post
2168 1465 2285 1520 haec
2325 1465 2511 1521 omnia
2549 1482 2672 1538 quae
2712 1468 2979 1531 diximus,
3030 1466 3271 1521 rationes
3312 1470 3578 1535 exposcat

1966 1624 1969 1625 ν
1996 1575 2118 1629 quae
2146 1562 2607 1619 resurrectionem
2633 1560 3030 1628 demonstrent,
3061 1559 3199 1615 nihil
3224 1574 3257 1614 a
3298 1556 3577 1615 Saducaais

1996 1650 2243 1707 differet:
2294 1652 2566 1723 siquidem
2610 1653 2942 1709 resurrectio
2985 1653 3170 1707 carnis
3210 1651 3453 1722 potentia
3491 1657 3578 1707 est

1996 1744 2092 1803 Dei
2116 1761 2179 1801 ac
2209 1761 2373 1817 supra
2402 1761 2620 1802 omnem
2656 1746 2950 1813 rationem,
2989 1761 3054 1801 ac
3087 1744 3193 1802 ﬁde
3224 1743 3443 1816 quidem
3473 1750 3579 1800 sta-

317 1830 574 1903 ὐπεράνω
601 1832 759 1900 λόγου
792 1833 993 1897 παντὸς
1022 1832 1362 1905 βεϐαιωμένη
1398 1835 1496 1905 μὲν
1524 1835 1724 1901 πίστει,
1756 1834 1891 1888 θεω-

2007 1838 2206 1904 bilitur,
2238 1837 2498 1908 operibus
2527 1848 2708 1893 autem
2751 1838 3114 1909 conspicitur.

318 1924 556 1995 ρουμένη
585 1925 640 1978 δὲ
664 1925 865 1997 ἔργοις.

812 2037 920 2092 Καὶ
955 2037 1105 2108 μετὰ
1149 2038 1399 2107 βραχέα·

340 2151 457 2204 ’Χ.
504 2149 824 2216 Ἀνάστασίς
888 2138 1006 2206 ἐστι
1063 2151 1161 2206 τοῦ
1226 2151 1577 2217 πεπτωκότος
1646 2152 1894 2225 σαρκίου.

317 2242 545 2314 Πνεῦμα
589 2242 699 2315 γὰρ
723 2244 783 2295 ού
804 2244 1023 2297 πίπτει·
1047 2244 1191 2315 ψυχὴ
1226 2245 1283 2298 ὲν
1308 2242 1518 2314 σώματί
1548 2245 1715 2307 ἐστιν,
1739 2246 1798 2298 οὐ
1830 2245 1897 2315 ζῇ

315 2332 625 2403 δὲάψυχον.
664 2333 850 2404 Σῶμα,
892 2334 1072 2405 ψυχῆς
1117 2336 1538 2405 ἀπολειπούσης,
1592 2337 1691 2389 οὐκ
1730 2337 1896 2391 ἔστιν.

317 2417 480 2486 Οἶκος
509 2423 617 2493 γὰρ
638 2422 699 2475 τὸ
724 2423 882 2494 σῶμα
930 2424 1136 2494 ψυχῆς
1185 2424 1490 2494 πνεύματος
1519 2425 1575 2478 δὲ
1618 2425 1764 2497 ψυχὴ
1825 2422 1901 2479 οἷ-

315 2529 414 2575 κος
445 2513 578 2584 (40).
613 2514 656 2565 Τ
661 2513 695 2566 ἀ
720 2515 849 2585 τρία
889 2516 1061 2568 ταῦτα
1105 2518 1217 2579 τοῖς
1252 2516 1441 2569 ἐλπίδα
1491 2516 1755 2587 εἰλικρινῆ
1804 2517 1901 2569 καὶ.

314 2605 501 2657 πίστιν
526 2605 834 2676 ἀδιάκριτον
857 2607 916 2660 ὲν
943 2607 1021 2678 τῷ
1048 2607 1167 2678 Θεῷ
1195 2608 1376 2678 έχουσι
1408 2607 1728 2679 σωθήσεται.
1752 2609 1899 2662 Θεω-

320 2693 541 2764 ροῦντες
561 2695 692 2764 γοῦν
730 2697 825 2750 καὶ
848 2697 974 2760 τοὺς
994 2698 1293 2767 κοσμικοὺς
1320 2698 1527 2767 λόγους,
1551 2698 1642 2752 καὶ
1664 2701 1783 2752 κατ’
1807 2700 1902 2752 αὐ-

315 2786 447 2849 τοὺς
498 2787 595 2857 οὐχ
641 2786 989 2859 εὑρίσκοντες
1036 2789 1297 2842 ἀδύνατον
1334 2790 1598 2861 ὑπάρχειν
1644 2793 1709 2862 τῇ
1739 2792 1903 2862 σειρκί⁹

314 2872 421 2942 τὴν
457 2873 899 2942 παλιγγενεσίαν,
938 2876 1034 2930 καὶ
1063 2877 1156 2930 ἐπὶ
1195 2878 1403 2942 τούτοις
1434 2881 1567 2933 πᾶσι
1588 2880 1678 2933 τὸν
1716 2881 1900 2950 Σωτῆ-

319 2981 391 3034 ρα
419 2963 508 3017 διὰ
545 2966 745 3030 παντὸς
796 2968 892 3020 τοῦ
945 2969 1275 3038 Εὐαγγελίου
1328 2969 1609 3023 δεικνύντα
1653 2971 1752 3041 τὴν
1804 2972 1904 3042 τῆς

322 3055 529 3126 σαρκὸς
578 3057 737 3128 ήμῶν
794 3060 1098 3131 σωτηρίαν·
1132 3060 1184 3113 τί
1219 3060 1403 3115 λοιπὸν
1454 3062 1756 3132 ἀνεχόμεθα
1795 3062 1904 3114 τῶν

2662 2002 2665 2005 λ
2968 1965 3012 2009 I

2563 2039 2631 2094 Et
2653 2047 2770 2109 post
2809 2054 2980 2108 pauca
3010 2052 3029 2091 :

2072 2152 2232 2225 595
2258 2153 2321 2209 X.
2347 2152 2699 2210 Resurrectio
2728 2158 2812 2208 est
2837 2151 3023 2207 carnis
3050 2165 3173 2221 quae
3201 2148 3415 2206 cecidit.
3441 2147 3577 2203 Nam

2000 2246 2231 2315 spiritus
2258 2261 2367 2300 non
2395 2245 2559 2299 cadit.
2590 2244 2785 2298 Anima
2812 2243 2869 2297 in
2898 2258 3128 2313 corpore
3150 2250 3256 2307 est,
3295 2242 3439 2313 quod
3461 2242 3580 2298 sine

2002 2336 2185 2391 anima
2232 2352 2343 2391 non
2387 2336 2541 2392 vivit.
2571 2335 2817 2406 Corpus,
2859 2335 3040 2389 anima
3084 2333 3435 2398 discedente,
3470 2349 3580 2388 non

2001 2435 2106 2484 est.
2137 2426 2272 2481 Nam
2297 2428 2495 2483 domus
2527 2436 2613 2482 est
2635 2427 2831 2481 animae
2858 2441 3061 2495 corpus
3080 2464 3094 2489 ,
3127 2431 3181 2479 et
3222 2424 3450 2495 spiritus
3478 2423 3580 2479 do-

2002 2533 2126 2573 mus
2153 2518 2358 2574 anima.
2388 2517 2517 2572 Tria
2549 2516 2664 2572 haec
2690 2516 2745 2571 in
2770 2517 2860 2582 iis,
2892 2516 2984 2587 qui
3017 2516 3292 2587 sinceram
3335 2528 3488 2585 spem
3529 2520 3584 2566 et

2007 2606 2165 2663 ﬁdem
2193 2607 2419 2672 minime
2446 2608 2667 2663 dubiam
2696 2586 2996 2663 habuerint
3025 2606 3082 2661 in
3113 2586 3255 2671 Deoo,
3288 2604 3585 2662 salvabun-

2003 2707 2113 2752 tur.
2142 2678 2576 2754 Conside‘i‘antes
2605 2698 2769 2769 igitur
2796 2698 2960 2753 etiam
2991 2696 3300 2751 mundanas
3318 2694 3583 2757 rationes,

2004 2806 2069 2846 ac
2098 2792 2402 2846 secundum
2427 2792 2551 2846 illas
2582 2790 3055 2860 deprehendentes
3082 2804 3193 2843 non
3220 2803 3343 2844 esse
3378 2788 3584 2857 impos-

2005 2884 2219 2940 sibilem
2254 2883 2435 2939 carnis
2464 2882 2931 2953 regenerationem
2956 2920 2969 2945 ,
3002 2895 3065 2934 ac
3087 2888 3285 2951 prteter
3313 2878 3429 2932 haec
3457 2886 3587 2932 om»

2004 2976 2096 3029 nia
2131 2974 2470 3030 Salvatorem
2494 2990 2592 3044 per
2621 2990 2783 3029 omne
2811 2972 3167 3043 Evangelium
3202 2971 3433 3026 salutem
3471 2982 3588 3023 car-

2005 3060 2093 3115 nis
2150 3070 2354 3116 nostrae
2411 3062 2729 3119 declarare:
2784 3062 2916 3133 quid
2970 3061 3039 3116 de
3087 3068 3285 3115 caetero
3335 3057 3585 3113 inﬁdeles

317 3148 565 3201 ἀπίστων
621 3149 714 3202 καὶ
782 3151 1091 3205 σκανδάλων
1150 3152 1356 3220 λόγων,
1416 3153 1512 3206 καὶ
1574 3152 1902 3224 λανθάνομεν

2008 3153 2461 3225 perniciososque
2510 3170 2793 3211 sermones
2824 3154 3161 3210 sustinemus
3188 3192 3203 3216 ,
3238 3166 3448 3221 nosque
3481 3150 3585 3221 ipsi

320 3242 548 3305 ἑαυτοὺς
577 3243 997 3315 ἐπιστρέφοντες
1032 3247 1110 3308 εἰς
1143 3245 1407 3309 τούπίσω,
1439 3246 1637 3299 ὁπόταν
1660 3246 1905 3300 ἀκούσω-

322 3350 444 3402 μεν,
491 3334 572 3387 ὃτι
615 3336 778 3406 ἡμὲν
815 3336 960 3407 ψυχὴ
1015 3337 1279 3401 ἀθάνατός
1330 3339 1467 3402 ἐστι,
1524 3337 1585 3391 τὸ
1631 3336 1687 3392 δὲ
1744 3338 1904 3408 σῶμα

320 3424 583 3495 φθαρτὸν,
631 3427 724 3479 καὶ
752 3429 869 3485 ,οὐκ
915 3428 996 3481 ἔτι
1034 3429 1330 3499 δυνάμενον
1382 3429 1649 3500 ἀναζῆσαι
1677 3448 1692 3497 ;
1721 3430 1906 3483 Ταῦτα

319 3515 433 3587 γὰρ
457 3519 552 3569 καὶ
578 3518 685 3589 πρὸ
706 3518 801 3571 τοῦ
836 3520 1030 3589 μαθεῖν
1052 3522 1151 3592 τὴν
1178 3521 1439 3594 ἀλήθειαν
1472 3522 1625 3593 παρά
1662 3522 1907 3591 Πυθαγό-

323 3626 419 3680 ρου
455 3610 551 3662 κα)⁸
588 3610 872 3675 Πλάτωνος
913 3613 1202 3682 ἠκούομεν.
1263 3615 1325 3666 Εἰ
1354 3609 1445 3667 οὖν
1469 3611 1640 3667 ταῦτα
1668 3614 1850 3682 ἔλεγεν
1877 3614 1915 3666 ὁν

321 3700 536 3772 Σωτὴρ,
561 3702 655 3755 καί
688 3703 853 3774 μόνης
890 3705 991 3773 τῆς
1011 3704 1192 3774 ψυχῆς
1225 3704 1324 3775 τὴν
1366 3707 1638 3777 σωτηρίαν
1673 3706 1905 3774 εὐαγγε-

321 3789 521 3854 λίζετο,
542 3792 595 3844 τί
623 3794 802 3847 καινὸν
831 3796 963 3865 ἡμῖν
1014 3795 1176 3865 ἔφερε
1236 3795 1386 3867 παρά
1441 3796 1761 3868 Πυθαγόραν
1811 3796 1905 3851 καὶ

322 3878 609 3949 Πλάτωνα,
642 3885 736 3937 καὶ
762 3886 854 3939 τὸν
890 3886 1092 3940 τούτων
1136 3888 1329 3958 χορόν;
1366 3888 1478 3941 Νῦν
1506 3888 1563 3940 δὲ
1588 3888 1686 3960 τὴν
1713 3889 1905 3960 καινὴν

323 3974 422 4028 καὶ
457 3972 613 4045 ξένην
647 3977 1126 4049 εὐαγγελιζόμενος
1146 3977 1307 4050 ἦλθεν
1344 3980 1651 4052 ἀνθρώποις
1693 3980 1903 4035 ἐλπίδα.

320 4062 487 4122 Ξένον
525 4067 581 4120 δὲ
610 4068 717 4139 ἄρα
747 4066 815 4140 ἦν
845 4072 938 4123 καὶ
987 4072 1170 4124 καινὸν
1194 4071 1256 4124 τὸ
1292 4072 1384 4124 τὸν
1432 4071 1565 4126 Θεὸν
1625 4072 1905 4141 ὑπισχνεῖ-

323 4158 472 4225 σθαι,
508 4159 582 4231 μὴ
618 4163 684 4231 τῇ
713 4162 994 4234 ἀφθαρσίᾳ
1027 4164 1127 4234 τὴν
1164 4164 1473 4235 ἀφθαρσίαν
1525 4167 1734 4236 τηρεῖν,
1773 4164 1908 4218 ἀλλά

320 4249 422 4322 τὴν
442 4250 650 4322 φθορὰν
688 4253 994 4325 ἀφθαρσίαν
1035 4259 1227 4309 ποιεῖν.
1273 4256 1431 4309 Ἀλλά
1466 4256 1575 4329 γὰρ
1603 4258 1703 4310 οὐκ
1733 4256 1909 4321 ἄλλως

321 4340 621 4413 δυνάμενος
636 4344 727 4399 τὸν
761 4345 916 4414 λόγον
943 4346 1297 4418 λυμαίνεσθαι
1325 4350 1353 4402 ὁ
1388 4350 1487 4421 τῆς
1516 4351 1779 4423 πονηρίας
1812 4351 1909 4422 ἀρ-

323 4451 459 4504 χων,
502 4435 775 4508 ἐξέπεμψε
814 4440 939 4502 τοὺς
968 4441 1296 4505 ἀποστόλους
1326 4442 1512 4510 αὑτοῦ,
1550 4445 1754 4508 κακοὺς
1795 4444 1906 4517 (41)

324 4527 422 4580 καὶ
452 4527 706 4599 λιμώδεις
745 4531 1090 4596 διδασκαλίας
1141 4534 1493 4603 εἰσάγοντας,
1550 4512 1908 4608 ἐκλεξάμενος
1939 4512 1984 4567 D

324 4620 525 4684 αὐτοὺς
544 4622 608 4675 ὲκ
641 4622 749 4677 τῶν
781 4625 1207 4696 σταυρωσάντων
1235 4626 1326 4679 τὸν
1366 4628 1593 4699 Σωτῆρα
1620 4628 1799 4700 ἡμῶν,
1826 4630 1907 4683 οἵ-

325 4730 471 4777 τινες
502 4713 564 4766 τὸ
600 4715 698 4785 μὲν
730 4716 901 4787 ὄνομα
934 4717 1028 4771 τοῦ
1065 4719 1314 4791 Σωτῆρος
1356 4720 1570 4789 ἔφερον,
1593 4720 1662 4774 τὰ
1691 4723 1749 4775 δὲ
1774 4722 1911 4793 ἔργα

324 4804 422 4858 τοῦ
462 4806 780 4878 πέμψαντος
820 4810 1018 4874 αὐτοὺς
1044 4812 1281 4875 ἐποίουν,
1316 4812 1382 4864 δι’
1411 4812 1505 4876 οὓς
1537 4815 1630 4867 καὶ
1668 4815 1745 4884 τῷ
1792 4815 1911 4868 όνό-

330 4915 462 4969 ματι
492 4899 858 4973 ἠκολούθησεν
892 4903 926 4973 ἡ
958 4902 1294 4974 βλασφημία.
1324 4905 1388 4957 Εἰ
1422 4905 1478 4958 δὲ
1517 4906 1589 4976 μὴ
1626 4907 1909 4961 ἀνίσταται

327 4990 363 5061 ὴ
402 4990 561 5063 σὰρξ,
593 4992 680 5045 διὰ
715 4994 769 5047 τί
810 4996 905 5047 καὶ
936 4994 1290 5064 φυλάσσεται,
1320 4998 1414 5049 καὶ
1444 4998 1509 5049 ού
1543 4998 1740 5069 μᾶλλον
1770 4999 1906 5071 αὐτῇ

330 5084 723 5157 συγχωροῦμεν
773 5087 1081 5158 χρήσασθαι
1128 5091 1248 5151 ταῖς
1297 5089 1658 5161 ὲπιθυμίαις;
1710 5093 1803 5145 καὶ
1849 5094 1910 5145 ού

330 5178 647 5251 μιμούμεθα
677 5180 787 5251 (42)
813 5182 939 5244 τοὺς
970 5183 1208 5253 ἰατροὺς,
1240 5184 1424 5251 φασιν,
1455 5184 1667 5248 οἵτινες,
1695 5186 1911 5238 ἐπειδὰν

324 5270 751 5343 ἀπεγνωσμένον
794 5272 989 5344 ἔχωσιν
1030 5272 1316 5346 ἄνθρωπον
1363 5273 1629 5338 σώζεσθαι
1662 5276 1735 5347 μὴ
1756 5275 1914 5333 δυνά-ρ

398 5429 445 5461 ³³
474 5426 635 5483 Joan.
668 5444 782 5493 nv,
805 5428 860 5483 2.
940 5429 985 5461 "
1012 5428 1177 5484 Marc.
1211 5445 1325 5495 XVI,
1355 5430 1443 5485 l9.
1465 5429 1585 5487 Act.
1617 5448 1728 5487 XIX.

401 5583 516 5654 (39)
552 5584 783 5653 Σαρκὸς
802 5585 1154 5652 ἀνάστασις.
1186 5584 1320 5640 Cod.
1356 5602 1459 5641 ms.
1495 5584 1754 5656 σαρκικὸς
1783 5585 1914 5638 ἀνά-

333 5670 894 5795 έτῗνῗθῗῌνεύματσς
928 5724 995 5779 δὲ
1019 5724 1189 5795 ψυχὴ
1214 5720 1397 5790 οἶκος.
1437 5723 1576 5781 Editi
1611 5723 1824 5794 πνεῦμα
1856 5724 1913 5777 δὲ

335 5790 515 5864 ψυχῆς
543 5790 710 5860 οἶκος·

2008 3243 2385 3313 imprudentes
2406 3252 2706 3301 retrorsum
2737 3246 3134 3309 convertimus,
3165 3243 3295 3299 dum
3332 3243 3587 3305 audimus

2008 3335 2246 3389 animam
2282 3350 2403 3392 esse
2433 3336 2817 3403 immortalem,
2847 3351 3050 3406 corpus
3080 3351 3211 3390 vero
3247 3334 3587 3405 corruptioni

2008 3428 2330 3493 obnoxium,
2364 3444 2467 3482 nec
2489 3428 2601 3499 jam
2627 3430 2825 3484 salutis
2849 3429 3067 3499 capax?
3096 3427 3199 3481 illa
3221 3427 3389 3493 enim,
3420 3427 3587 3482 etiam

2008 3523 2329 3592 priusquam
2353 3536 2643 3577 nossemus
2666 3522 2969 3586 veritatem,
3007 3535 3037 3574 a
3068 3519 3373 3592 Pythagora
3397 3527 3449 3575 et
3472 3518 3591 3573 Pla-

2006 3624 2135 3671 tone
2165 3617 2540 3672 audiebamus.
2568 3614 2626 3671 Si
2653 3616 2770 3671 hate
2806 3616 2973 3687 igitur
3003 3615 3253 3671 Salvator
3274 3615 3503 3670 dixisset
3525 3628 3589 3667 ao

2008 3709 2180 3763 solius
2222 3709 2416 3762 animae
2444 3709 2677 3763 salutem
2724 3708 3199 3774 annuntiavisset,
3242 3707 3374 3777 quid
3429 3707 3589 3762 nobis

2010 3801 2285 3856 attulisset
2334 3801 2462 3855 novi
2504 3807 2703 3871 prmter
2732 3792 3096 3871 Pythagoram
3131 3808 3184 3854 et
3226 3798 3508 3853 Platonem
3536 3803 3593 3853 et

2009 3891 2228 3947 illorum
2264 3891 2535 3946 chorum?
2562 3891 2720 3947 Nunc
2751 3900 2932 3947 autem
2974 3906 3170 3946 novam
3219 3898 3274 3946 et
3311 3891 3591 3945 admiranv

2008 3983 2134 4038 dam
2159 3998 2311 4053 spem
2344 3984 2728 4038 annuntiatum
2755 3984 3071 4039 hominibus
3098 3983 3264 4038 venit.
3296 3982 3591 4037 Admiran-

2009 4075 2137 4132 dum
2165 4090 2330 4147 porro
2363 4091 2673 4145 novumque
2704 4075 2806 4130 fuit
2830 4115 2845 4141 ,
2878 4075 3046 4131 Deum
3076 4076 3359 4146 polliceri,
3392 4090 3451 4131 se
3479 4090 3589 4129 non

2009 4167 2411 4237 incorruptioni
2438 4168 2904 4238 incorruptionem
2949 4175 3320 4232 servaturum,
3349 4169 3444 4224 sed
3475 4182 3594 4226 cor.-

2010 4263 2252 4333 ruptioni
2283 4262 2535 4317 daturum
2562 4263 3052 4333 incorruptionem.
3077 4263 3147 4318 At
3176 4278 3306 4318 vero
3335 4262 3593 4333 nequitia)

2010 4357 2288 4426 princeps,
2310 4371 2437 4413 cum
2465 4355 2624 4412 aliter
2657 4370 2769 4411 non
2798 4363 2983 4428 posset
3009 4357 3320 4411 doctrinam
3351 4371 3594 4410 corrum-

2012 4463 2161 4519 pere,
2192 4448 2344 4503 misit
2388 4449 2671 4518 apostolos
2713 4464 2844 4505 suos
2892 4450 3068 4510 malos
3112 4457 3167 4503 et
3214 4447 3597 4518 pestilentium

2013 4538 2387 4595 doctrinarum
2407 4538 2744 4602 inductores,
2765 4540 2911 4607 iique
2927 4539 3087 4607 electi
3103 4554 3169 4593 ex
3188 4539 3276 4603 iis,
3292 4538 3383 4608 qui
3405 4536 3594 4591 Salva-

2012 4639 2188 4687 torem
2219 4640 2468 4687 nostrum
2496 4630 2910 4694 cruoiﬁxerant,
2943 4645 3143 4684 nomen
3181 4629 3483 4685 Salvatoris
3514 4628 3595 4684 fe-

2010 4724 2226 4788 rebant,
2256 4723 2353 4778 sed
2382 4738 2548 4795 opera
2572 4724 2743 4787 illius,
2767 4723 2861 4793 qui
2889 4738 2986 4777 eos
3010 4722 3259 4788 miserat,
3282 4722 3591 4777 faciebant:

2012 4822 2233 4886 propter
2259 4831 2357 4871 eos
2382 4823 2435 4871 et
2461 4831 2660 4870 nomen
2693 4816 2950 4870 comitata
2977 4814 3337 4884 blasphemia.
3371 4813 3526 4880 Quod
3550 4815 3599 4869 si

2013 4924 2123 4962 non
2169 4910 2408 4980 resurgit
2438 4924 2603 4974 caro,
2637 4924 2738 4963 cur
2786 4909 2950 4965 etiam
2993 4908 3334 4975 custoditur,
3378 4922 3443 4962 ac
3486 4923 3598 4961 non

2014 5001 2196 5071 potius
2226 5000 2372 5054 illam
2402 5000 2634 5056 sinimus
2666 5002 2781 5056 suis
2814 4999 3100 5070 indulgere
3130 4998 3455 5054 desideriis?
3484 4996 3597 5051 Cur

2016 5108 2127 5148 non
2162 5094 2442 5148 imitamur
2469 5093 2734 5158 mcdicos,
2772 5098 2832 5146 ut
2858 5092 2965 5146 dici
3001 5092 3175 5157 solet,
3213 5090 3310 5162 qui
3340 5090 3597 5160 despera-

2017 5192 2132 5239 tum
2187 5184 2464 5240 hominem
2508 5184 2692 5249 nacti,
2741 5184 2942 5255 quique
2983 5182 3192 5237 servari
3233 5199 3344 5237 non
3388 5181 3592 5251 possit,

2019 5277 2346 5347 permittunt
2386 5284 2445 5331 ut
2488 5277 2605 5333 suis
2625 5292 2832 5332 morem
2865 5283 3019 5346 gerat
3043 5274 3374 5331 desideriis?
3404 5272 3599 5329 Sciunt

2094 5585 2205 5649 (4|)
2240 5586 2493 5649 Κακοὺς.
2528 5583 2663 5638 Cod.
2701 5600 2804 5638 ms.
2833 5584 3028 5645 κακάς.

2094 5586 2175 5649 (41
2240 5586 2493 5649 Κακοὺς.
2528 5586 2663 5638 Cod.
2701 5600 2804 5638 ms.
2833 5586 3028 5645 κακάς.

2092 5586 2205 5725 (λάξ
2238 5657 2345 5709 Καὶ
2376 5658 2450 5725 ,οὐ
2500 5655 2846 5725 μιμούμεθα.
2897 5652 2973 5706 Ita
3007 5651 3197 5718 Grab.,
3235 5650 3370 5709 Cod.
3408 5664 3523 5713 ms.
3551 5648 3597 5711 εἰ

2023 5724 2340 5811 μιμοίμεθα.
2373 5724 2568 5780 Parall.
2591 5727 2637 5779 εἰ
2669 5724 2996 5803 μιμούμεθα.
