3974 6256
386 331 528 393 18Ώί

1681 319 2026 390 APPENDIX
2065 365 2136 378 ..-
2173 327 2354 390 PARS
2391 323 2458 387 η.

3506 331 3650 387 ιεαι

381 453 532 510 enim
577 451 734 513 illum
775 449 1120 520 periturum:
1153 445 1300 520 quod
1326 448 1548 519 quidem
1587 449 1835 520 profecto
1875 451 1964 506 l'a-
1993 461 2020 512 Α

2076 467 2248 522 μενον,
2308 452 2695 522 ἐπιτρέπουσιν
2741 447 2890 521 αὐτῷ
2929 445 3047 512 ταῖς
3089 445 3406 519 ἐπιθυμίαις
3436 445 3652 520 ὑπηρε-

381 545 536 600 ciunt
563 543 680 615 qui'
696 557 918 598 carnem
963 542 1226 606 oderunt,
1277 555 1544 611 eamque,
1593 548 1859 612 quantum
1904 543 1962 597 in

380 637 518 708 ipsis
545 642 651 700 est,
682 633 1002 689 haereditate
1027 634 1311 704 expellunt
1345 652 1358 688 :
1395 632 1610 688 idcirco
1635 634 1781 688 enim
1809 635 1960 689 illam

381 729 571 793 etiam,
613 733 674 782 ut
700 727 934 783 cadaver
956 726 1194 782 futuram
1217 765 1232 792 ,
1263 727 1592 796 deSpiciunt.
1632 725 1737 782 Sed
1765 727 1812 782 si
1844 741 1962 782 me-

383 816 542 872 dicus
575 823 764 870 noster
795 815 1052 872 Christus
1079 815 1223 875 Deus
1254 832 1284 870 a
1306 816 1597 872 desideriis
1625 818 1833 873 nostris
1855 833 1960 873 nos

379 908 620 964 avellens
649 923 806 964 suam
836 910 989 963 carni
1011 917 1214 965 nostrae
1237 909 1478 966 sobriam
1507 917 1560 964 et
1588 911 1959 966 continentem

378 1002 509 1055 vitae
543 1001 812 1055 rationem
846 1002 1155 1071 praescribit
1175 1043 1190 1068 ,
1223 1002 1574 1056 manifestum
1607 1008 1690 1056 est
1721 1003 1771 1056 id
1796 1004 1864 1058 ab
1891 1017 1960 1058 eo

379 1090 519 1159 ﬁeri,
557 1100 617 1147 ut
661 1093 811 1148 illam
841 1109 938 1164 spe
969 1093 1164 1150 salutis
1199 1094 1485 1164 praeditam
1519 1109 1547 1148 a
1582 1095 1824 1164 peccatis
1855 1110 1956 1150 cu-

2063 545 2206 609 τεῖν;
2243 545 2417 596 Ἴσασι
2458 542 2589 613 γὰρ,
2623 542 2704 595 ὅτι
2725 542 3019 596 ἀπόλλυται
3037 558 3050 570 ·
3079 540 3216 612 ὅπερ
3241 540 3435 610 ἀμέλει
3461 541 3653 593 ποιοῦ-

2067 654 2153 690 σιν
2183 637 2233 689 οἱ
2270 636 2368 707 τὴν
2403 635 2582 706 σάρκα
2614 633 2917 706 μισοῦντες,
2952 634 3301 697 ἐκϐάλλοντες
3343 634 3515 706 αὐτὴν
3546 634 3652 704 τῆς

2065 727 2430 800 κληρονομίας
2477 727 2539 780 τὸ
2581 727 2704 780 ὅσον
2750 727 2836 780 ἐπ’
2866 726 3049 790 αὐτοῖς
3069 742 3083 756 ·
3115 725 3202 778 διὰ
3229 724 3388 778 τοῦτο
3417 726 3527 796 γὰρ
3553 727 3653 780 καὶ

2061 820 2137 886 ὡς
2163 821 2362 892 νεκρὰν
2392 819 2658 892 ἐσομένην
2695 817 3051 891 ἀτιμάζουσιν
3073 818 3260 889 αὐτήν.
3287 819 3349 871 El
3377 818 3436 872 δέ
3461 821 3492 871 6
3511 818 3654 889 ἡμέ-

2065 929 2223 983 τερος
2252 911 2363 984 (45)
2396 911 2577 982 ἰατρὸς
2599 908 2833 982 Χριστὸς
2860 911 2889 962 6
2911 909 3061 974 Θεὸς,
3091 907 3200 964 ἀπὸ
3216 909 3325 961 τῶν
3342 907 3654 977 ἐπιθυμιῶν

2064 1004 2097 1075 ἡ
2109 1004 2223 1075 μῶν
2254 1003 2603 1066 ἀποσπάσας,
2647 1003 2916 1056 διαιτᾶται
2944 1006 3010 1074 τῇ
3043 1002 3160 1056 καθ’
3199 1001 3360 1055 αὑτὸν
3411 999 3654 1071 σώφρονε

2065 1097 2160 1150 καὶ
2189 1097 2449 1168 ἐγκρατεῖ
2474 1095 2652 1168 διαίτῃ
2689 1096 2789 1166 τὴν
2821 1095 2997 1166 σάρκα
3026 1095 3201 1164 ἡμῶν,
3243 1093 3423 1162 δῆλον,
3453 1091 3532 1155 ὡς
3562 1091 3652 1143 ἐλ-

379 1185 586 1240 stodiat
619 1203 634 1241 :
667 1200 782 1242 non
827 1202 988 1243 secus
1028 1201 1190 1256 quam
1226 1186 1425 1242 medici
1455 1202 1551 1242 eos
1577 1188 1860 1254 homines,
1898 1189 1957 1243 in

2076 1187 2191 1240 ιτίδα
2222 1188 2498 1259 σωτηρίας
2543 1187 2772 1257 ἔχουσαν
2820 1187 2929 1240 ἀπὸ
2967 1187 3075 1239 τῶν
3117 1185 3534 1257 ἁμαρτημάτων
3560 1183 3660 1235 αὑ-

379 1276 581 1346 quibus
624 1291 752 1348 spes
791 1284 876 1335 est
920 1279 1144 1347 salutis,
1189 1279 1399 1335 servire
1426 1279 1802 1350 voluptatibus
1846 1295 1956 1336 non

2076 1278 2160 1350 τὴν
2193 1278 2474 1346 φυλάττει,
2518 1279 2772 1350 καθάπερ
2812 1279 2940 1342 τοὺς
2966 1278 3156 1330 ἐλπίδα
3187 1275 3465 1347 σωτηρίας
3502 1274 3657 1345 ἔχον-

380 1369 591 1427 εἰηυηῐ.
2057 1385 2158 1431 τας
2186 1368 2507 1442 ἀνθρώπους
2534 1370 2584 1424 οί
2627 1372 2801 1443 ἰατροὶ
2841 1369 2942 1424 οὑκ
2995 1369 3157 1422 ἐῶσιν
3205 1367 3503 1439 ὑπηρετεῖν
3529 1367 3655 1429 ταῖς

2059 1460 2292 1531 ἡδοναῖς.

1983 1597 2056 1615 “-

1448 1704 1732 1796 ALIA
1802 1704 2566 1796 FRAGMENTA.

1274 1977 1339 2040 11.
1380 1980 1541 2051 (νυ.)
1581 1980 1668 2036 Ea:
1707 1977 1923 2034 Tatiani
1958 1975 2110 2034 Orat.
2148 1975 2275 2033 adv.
2312 1973 2512 2046 Gram,
2551 1995 2608 2034 η.
2649 1974 2738 2034 18.

447 2115 622 2174 Valde
649 2114 1007 2172 admirandus
1029 2112 1283 2173 Justinus
1303 2122 1452 2172 recte
1481 2114 1857 2186 pronuntiavit
1884 2115 1962 2170 si-
1996 2125 2040 2181 Β

377 2210 536 2270 miles
562 2223 686 2267 esse
701 2206 1003 2280 praedictos
1035 2204 1357 2279 (daemones)
1381 2205 1713 2262 latronibus.

2147 2113 2205 2168 '0
2253 2110 2704 2184 Θαυμασιώτατος
2743 2112 3022 2176 Ἰουσιῖνος
3071 2110 3242 2183 ὀρθῶς
3305 2111 3651 2186 ἐξεφώνησεν

2064 2205 2299 2260 ἐοικέναι
2324 2205 2452 2267 τοὺς
2481 2203 2916 2276 προειρημένους
2945 2203 3244 2277 (δαίμονας)
3262 2205 3514 2279 λῃσταῖς.

1203 2336 1292 2397 lii.
1334 2337 1446 2411 (11.)
1479 2341 1562 2395 Ex
1593 2338 1787 2394 Iremri
1815 2340 1936 2394 libr.
1968 2357 2022 2396 tv
2045 2341 2323 2398 Adversus
2345 2341 2602 2406 haereses,
2630 2353 2746 2412 cap.
2778 2336 2833 2397 6.

447 2473 515 2530 Et
543 2475 683 2530 bene
708 2474 959 2532 Justinus
995 2475 1050 2531 in
1087 2477 1230 2532 libro
1263 2477 1359 2547 qui
1401 2482 1486 2532 est
1523 2475 1590 2531 ad
1623 2475 1953 2532 Marcionem

373 2567 452 2622 ait
480 2587 494 2622 :
523 2566 791 2633 Quoniam
820 2568 925 2639 ipsi
948 2584 1166 2638 quoque
1196 2568 1425 2623 Domino
1446 2583 1555 2623 non
1577 2568 1951 2632 credidissem,

373 2660 606 2715 alterum
636 2657 806 2713 Deum
839 2660 1189 2714 annuntianti
1213 2699 1229 2724 ,
1258 2667 1456 2730 praeter
1486 2660 1870 2716 fabricatorem
1901 2667 1954 2714 et

2131 2478 2241 2531 Καὶ
2268 2476 2450 2542 καλῶς
2491 2478 2770 2541 Ἰουστῖνος
2809 2477 2867 2530 ἐν
2897 2475 2976 2547 τῷ
3020 2475 3156 2548 πρὸς
3183 2476 3490 2548 Μαρκίωνα
3521 2491 3649 2527 συνο

2059 2570 2301 2640 τάγματι
2335 2570 2530 2640 φησιν’
2568 2571 2690 2622 Ὅτι
2743 2568 2892 2638 αὐτῷ
2914 2568 2992 2638 τῷ
3029 2568 3215 2638 Κυρίῳ
3240 2567 3350 2620 οὐδ’
3384 2567 3452 2620 ἂν
3494 2565 3648 2619 ἐπει-

2062 2661 2194 2733 σθην
2226 2661 2383 2716 ἄλλον
2411 2660 2542 2715 Θεὸν
2583 2661 3002 2729 καταγγέλλοντι
3049 2660 3202 2732 παρὰ
3250 2660 3343 2712 τὸν
3387 2660 3654 2730 δημιουρ-

372 2752 642 2808 factorem
673 2760 727 2808 et
763 2752 1092 2808 nutritorem
1123 2761 1396 2808 nostrum.
1440 2750 1547 2807 Sed
1594 2753 1852 2821 quoniam
1883 2753 1953 2808 ab
2058 2753 2173 2822 τόν.

372 2858 486 2900 uno
515 2843 648 2910 Deo,
678 2845 771 2916 qui
801 2853 855 2901 et
883 2845 1031 2900 hunc
1054 2847 1319 2901 mundum
1352 2844 1502 2911 fecit,
1534 2854 1587 2900 et
1613 2861 1716 2901 nos
1749 2845 2135 2915 plasmavit,et
2150 2847 2332 2901 omnia
2357 2847 2607 2901 continet
2636 2855 2690 2902 et
2718 2845 3102 2910 administrat,
3129 2843 3445 2914 unigenitus
3470 2841 3650 2896 Filius

367 2941 524 2997 venit
557 2941 623 2995 ad
657 2956 782 3004 nos,
815 2957 975 2996 suum
1001 2941 1214 3012 plasma
1247 2940 1304 2995 in
1339 2940 1697 3010 semetipsum
1725 2939 2128 3008 recapitulans;
2166 2941 2322 2995 lirma
2367 2948 2453 2997 est
2495 2956 2616 2996 mea
2647 2940 2716 2995 ad
2751 2955 2875 2996 eum
2919 2939 3052 2995 ﬁdes
3092 2947 3149 2994 et
3181 2937 3480 2993 immobilis
3510 2951 3646 3007 erga

370 3029 591 3092 Patrem
613 3033 833 3089 dilectio
859 3051 872 3088 :
906 3041 1139 3104 utraque
1164 3031 1273 3088 Deo
1301 3032 1463 3087 nobis
1489 3032 1787 3104 praebente.

1241 3165 1330 3220 IV.
1367 3165 1501 3238 (111.)
1531 3165 1695 3238 596
1724 3165 1808 3224 Ea:
1834 3167 2069 3239 ejusdem
2098 3167 2291 3224 Iremei
2319 3169 2411 3226 lib.
2443 3187 2499 3233 ν,
2529 3189 2642 3242 cap.
2674 3169 2766 3227 96.

447 3301 590 3360 Bene
621 3299 873 3361 Justinus
913 3303 1093 3360 dixit:
1124 3302 1394 3369 Quoniam
1439 3314 1564 3360 ante
1593 3303 1810 3361 Domini
1856 3307 1955 3362 ad-

2129 3313 2326 3378 Καλῶς
2352 3316 2380 3368 6
2419 3309 2704 3378 Ἰουστῐνος
2734 3311 2860 3383 ἔφη,
2907 3309 2990 3364 ὅτι
3018 3306 3124 3380 πρὸ
3157 3307 3254 3378 μὲν
3285 3304 3386 3376 τῆς
3413 3303 3508 3358 τοῦ
3538 3304 3650 3358 Κυ-

369 3404 598 3453 ventum
639 3412 918 3468 nunquam
955 3410 1124 3452 ausus
1166 3403 1250 3451 est
1294 3394 1526 3453 Satanas
1574 3394 1977 3468 blaspliemare?

2076 3403 2179 3474 ρίου
2217 3405 2519 3476 παρουσίας
2558 3404 2811 3457 οὐδέποτε
2840 3402 3136 3474 ἐτόλμησεν
3181 3400 3291 3472 (44)
3328 3402 3356 3452 6
3399 3398 3652 3460 Σατανᾶς

371 3487 546 3546 Deum
581 3509 595 3547 :
630 3491 830 3561 quippe
851 3489 1091 3544 nondum
1122 3491 1304 3546 sciens
1339 3505 1492 3546 suam
1524 3491 1954 3560 damnationem,
1994 3558 2020 3567 _

2076 3495 2455 3566 βλασφημῆσαι
2480 3495 2571 3550 τὸν
2601 3495 2754 3561 Θεὸν,
2785 3497 2880 3550 ἆτε
2917 3495 3142 3567 μηδέπω
3170 3491 3323 3556 εἰδὼς
3353 3489 3520 3544 αὐτοῦ
3546 3490 3651 3561 τὴν

373 3558 663 3652 quoniam—
685 3558 742 3636 et
765 3558 847 3634 —in
889 3579 1165 3650 parabolis
1208 3587 1262 3634 et
1300 3579 1578 3649 allegoriis
1611 3595 1641 3634 a
1673 3558 1956 3652 prophetis
1985 3558 2020 3614 C

2076 3585 2406 3657 ιατάκρισιν.

375 3671 446 3727 de
475 3688 540 3727 eo
569 3673 648 3729 sic
679 3673 885 3728 dictum
909 3681 1010 3728 est.
1035 3671 1166 3725 Post
1197 3679 1378 3726 autem
1411 3672 1704 3727 adventum
1738 3673 1956 3729 Domini
1992 3691 2063 3731 ex
2104 3674 2455 3732 sermonibus
2499 3676 2706 3733 Christi
2747 3683 2800 3732 et
2836 3675 3211 3746 apostolorum
3257 3673 3380 3743 ejus
3423 3671 3651 3727 discens

372 3765 688 3829 manifeste,
724 3765 982 3836 quoniam
1009 3765 1151 3834 ignis
1173 3773 1411 3818 aeternus
1447 3775 1788 3834 prmparatus
1831 3774 1917 3821 est
1957 3782 2022 3821 ex
2068 3783 2168 3823 sua
2211 3770 2492 3825 voluntate
2541 3769 2856 3825 abscedenti
2889 3785 2921 3823 a
2966 3769 3108 3832 Deo,
3146 3777 3202 3823 et
3239 3767 3497 3822 omnibus
3547 3767 3648 3836 qui

375 3860 495 3916 sine
521 3859 844 3928 ptenitentia
874 3868 1226 3927 perseverant
1252 3857 1306 3912 in
1343 3860 1660 3926 apostasia;
1695 3875 1792 3930 per
1822 3859 2141 3929 liujusmodi
2174 3861 2450 3917 hominem
2483 3863 2827 3932 blasphemat
2857 3877 2980 3916 cum
3015 3861 3183 3915 Deum
3204 3900 3219 3922 ,
3251 3859 3342 3930 qui
3371 3858 3647 3928 judicium

376 3949 664 4019 importat,
695 3949 852 4019 quasi
886 3949 998 4018 jam
1029 3949 1446 4015 condemnatus,
1479 3959 1530 4004 et
1557 3963 1840 4022 peccatum
1872 3969 1986 4008 sua:
2017 3957 2307 4025 apostasia)
2330 3957 2598 4011 conditori
2644 3971 2746 4011 suo
2777 3957 3042 4026 imputat,
3075 3962 3130 4008 et
3159 3969 3269 4008 non
3300 3967 3414 4006 sua:
3442 3951 3645 4006 volun-

377 4041 480 4094 tati
503 4049 557 4096 et
581 4042 885 4096 sententiae.

385 4163 453 4222 Ἴ.
489 4167 622 4241 (Ν.)
656 4167 742 4223 Ea:
767 4169 992 4241 Joannis
1010 4167 1324 4241 antiocheni
1357 4167 1676 4241 patriarchae
1706 4165 1861 4241 libro,
1897 4163 1983 4218 cui
2019 4207 2020 4211 η

2076 4161 2230 4224 tulus,
2274 4161 2500 4241 Eulog-i1
2523 4157 2844 4241 .XSCE‘GXFEID‘V
2873 4155 3264 4241 ἀθροισθέντων
3285 4158 3348 4210 ἐκ
3371 4155 3648 4227 διαφόρων

943 4238 1179 4309 βιϐλίων,
1217 4227 1460 4292 Delectas
1489 4238 1721 4306 capitum
1749 4236 2092 4291 collectorum
2128 4249 2195 4287 ea:
2218 4233 2379 4288 variis
2412 4227 2585 4285 libris.
2615 4229 2751 4284 Cod.
2785 4227 2917 4298 Reg.
2947 4227 3076 4280 875.

450 4356 564 4414 Cur
589 4358 748 4414 nobis
777 4357 1026 4414 insidiari
1050 4353 1302 4414 diabolus
1331 4373 1441 4414 non
1471 4357 1708 4424 desinat,
1735 4372 1957 4414 causam

379 4465 699 4521 exponens,
750 4452 826 4504 ait
867 4470 881 4506 :
930 4453 1070 4508 Ante
1117 4451 1331 4507 Domini
1381 4451 1670 4506 adventum
1705 4466 1815 4506 non
1847 4459 1960 4504 tam

453 4627 566 4752 g5)
601 4633 670 4684 Ει
727 4629 796 4683 δὲ
855 4633 888 4684 ὁ
932 4633 1234 4700 ἡμέτερος.
1290 4630 1430 4712 ξῖᾁίιί
1481 4632 1508 4684 6
1562 4630 1619 4683 δὲ
1672 4629 1958 4701 ἡμέτερος.

379 4693 461 4751 Ha
501 4707 557 4752 et
586 4702 711 4754 cod.
749 4717 853 4756 ms.
881 4704 910 4756 6
942 4703 1194 4756 Χριστός.
1241 4717 1467 4756 nnmme
1511 4716 1643 4755 vero
1673 4702 1702 4752 6
1735 4698 1888 4756 Θεός.

452 4703 557 4752 ibet
586 4703 711 4754 cod.
749 4717 853 4757 ms.
881 4704 910 4756 6
942 4705 986 4754 Χ
1033 4703 1194 4765 ιστός,
1241 4703 1467 4756 minime
1511 4716 1643 4755 vero
1673 4703 1702 4752 6
1735 4703 1888 4763 Θεός.

452 4768 564 4841 (44)
587 4769 885 4825 Οὐδέποτε
905 4722 1260 4841 ἑτὶλμησεν.
1294 4773 1531 4825 Irenmus
1566 4771 1766 4825 similia
1801 4771 1965 4824 docet

382 4837 578 4910 alioin
602 4841 744 4906 loco,
773 4859 935 4910 quem
972 4837 1295 4910 ab'antiquo
1349 4843 1644 4910 interprete
1682 4855 1794 4910 non
1825 4841 1965 4894 belle

2136 4361 2248 4432 Τὴν
2274 4357 2452 4413 αἰτίαν
2479 4357 2582 4428 τῆς
2609 4348 2911 4428 καθ”ήμῶν
2933 4351 3211 4408 άνενδότου
3241 4350 3530 4420 ἐπιϐουλῆς
3547 4346 3648 4403 τοῦ

2065 4454 2307 4507 διαϐόλου
2347 4451 2796 4525 παρατιθέμενος,
2848 4447 3037 4520 φησίν·
3073 4448 3194 4500 Ὀτι
3248 4445 3353 4518 πρὸ
3404 4445 3502 4515 τῆς
3549 4439 3648 4497 τοῦ

2066 4633 2394 4701 blasphemas
2422 4631 2474 4684 in
2497 4630 2875 4698 plasmatorcm
2904 4625 3135 4701 instituit
3164 4622 3353 4701 multis
3375 4621 3653 4701 machina:

2067 4692 2322 4765 tionibus,
2367 4702 2420 4755 id
2469 4692 2546 4753 est
2598 4715 2689 4769 per
2745 4714 2925 4769 omnes
2955 4697 3225 4769 lucreticos
3263 4693 3353 4760 qui
3400 4692 3656 4769 prcrdictt

2067 4785 2210 4828 sunt.
2249 4761 2466 4841 Insigne
2497 4780 2582 4824 est
2599 4761 2844 4841 erratum
2876 4767 3029 4841 illud.
3055 4761 3654 4841 Quapropter'eamdem

2067 4848 2114 4898 ei
2142 4831 2448 4914 forntamvct
2496 4839 2905 4914 appellationem
2936 4834 3320 4914 tribuit_Deus.
3353 4831 3470 4911 μου
3502 4832 3653 4914 enim

379 4907 657 4980 redditum
685 4902 930 4966 conabor
956 4902 1268 4980 explanare.
1326 4902 1780 4977 Quemadmodum
1802 4912 1963 4973 enim,
1998 4916 2042 4971 D
2073 4902 2216 4969 Dc'us
2252 4914 2456 4980 idcirco
2493 4902 2727 4980 satanas
2765 4910 2868 4962 sub
2902 4905 3191 4980 serpentis_
3223 4902 3443 4980 nomine
3479 4905 3654 4980 male-

382 4977 564 5048 inquit
607 4979 846 5037 Irenazus
893 4977 1112 5036 Przel‘at-
1149 4983 1204 5035 in
1262 4981 1356 5036 lib.
1415 4998 1489 5044 ιν,
1548 4997 1604 5034 n.
1641 4981 1695 5043 4,
1753 4995 1961 5047 serpens

384 5047 553 5121 Evam
571 5051 818 5121 seduxit,
873 5053 1183 5119 promittens
1215 5053 1262 5104 ei
1292 5052 1430 5121 quod
1454 5068 1553 5103 non
1579 5051 1799 5103 habebat
1823 5052 1962 5118 ipse;

381 5120 463 5200 sic
486 5129 534 5200 et
558 5119 613 5174 hi
634 5121 1010 5200 prwtentlentes
1034 5119 1666 5200 ntajorem‘agnitionem,
1703 5129 1750 5172 et
1772 5129 1966 5200 myste-

384 5191 472 5260 ria
493 5189 896 5254 inenarrabilia,
939 5204 986 5246 et
1023 5189 1385 5260 promittentes
1414 5207 1552 5252 eam,
1595 5207 1751 5260 quam
1785 5189 1968 5260 dicunt

383 5259 530 5312 intra
556 5260 806 5316 Pleroma
835 5278 966 5327 esse,
1023 5259 1388 5329 receptionem,
1419 5261 1473 5312 in
1514 5259 1737 5314 mortem
1765 5259 1970 5313 demer—

383 5339 514 5399 gunt
535 5332 636 5384 sibi
661 5334 946 5394 credentes,
973 5342 1242 5399 apostatas
1271 5348 1358 5384 eos
1387 5332 1761 5384 constituentes
1794 5329 1858 5381 ab
1881 5346 1962 5394 eo,

383 5401 477 5468 qui
507 5417 593 5454 eos
619 5402 760 5470 fecit.
817 5400 896 5472 Et,
931 5413 1052 5456 tunc
1081 5403 1287 5472 quidem
1351 5409 1597 5468 apostata
1637 5399 1968 5472 angelusper

386 5481 681 5538 serpentem
710 5469 1118 5525 inobedientiam
1168 5472 1439 5526 hominum
1483 5481 1754 5538 operatus,
1782 5469 1964 5522 existi-

389 5543 555 5611 niavit
598 5541 760 5595 latere
803 5559 857 5595 se
905 5542 1232 5597 Dominum:
1267 5539 1879 5611 quapropterueamdem
1920 5539 1971 5592 ei

390 5609 621 5678 formam
649 5622 698 5667 et
721 5613 1123 5679 appellationem
1167 5608 1350 5664 tribuit
1375 5608 1544 5665 Deus.
1581 5608 1738 5662 Nunc
1770 5617 1967 5671 autem,

389 5683 642 5759 quoniam
673 5684 959 5736 novissima
981 5692 1102 5759 sunt
1140 5691 1392 5748 tempora,
1424 5681 1726 5759 extenditur
1768 5679 1969 5759 malum

391 5748 449 5801 in
484 5750 738 5820 homines,
772 5771 872 5808 non
913 5753 1082 5808 solum
1117 5761 1390 5816 apostatas
1421 5769 1508 5807 eos
1546 5751 1766 5819 faciens,
1800 5748 1888 5804 sed
1919 5759 1968 5802 ct

2071 4987 2230 5050 dixit,
2261 4983 2389 5052 quia
2424 4979 2658 5052 Satanas
2718 4979 2889 5031 latere
2941 4972 3008 5052 se
3046 4974 3303 5043 putabat;
3465 4972 3653 5052 potius

2072 5039 2293 5110 idcirco.
2315 5053 2550 5104 Satanas
2584 5050 2752 5103 latere
2784 5063 2845 5101 se
2894 5039 3152 5120 opinatus
3176 5052 3297 5120 est,
3343 5039 3656 5120 quia__l)ens

2072 5124 2318 5181 eamdem
2354 5121 2570 5175 Satana:
2603 5135 2665 5172 ac
2694 5111 2950 5186 serpenti
2989 5115 3216 5186 formam
3251 5118 3305 5163 et
3327 5111 3655 5186 appellatio-

2072 5180 2196 5250 ncm
2234 5193 2502 5251 attribuit,
2536 5191 2587 5242 id
2631 5199 2716 5243 est
2750 5180 3006 5240 Shtanam
3043 5184 3145 5236 sub
3177 5182 3349 5235 forma
3381 5192 3434 5234 et
3467 5180 3692 5251 appel-_

2074 5267 2278 5320 latione
2329 5261 2600 5330 serpentis
2653 5257 2988 5331 designavit.
3022 5252 3249 5331 Videtur
3292 5250 3654 5331 ergohluissne

2071 5335 2150 5390 διό
2184 5335 2237 5388 in
2267 5325 2549 5394 contentu,
2581 5328 2726 5402 quod
2757 5325 2881 5380 cum
2946 5325 3272 5402 signiﬁcare.
3292 5325 3491 5402 possit,
3529 5325 3657 5386 quia

2075 5414 2129 5460 et
2174 5412 2525 5474 quapropter;
2572 5395 2756 5452 minus
2817 5406 2939 5474 apte
2992 5395 3275 5473 interpreti
3309 5400 3654 5474 postremum

2076 5463 2506 5528 arrisit.'Justini
2529 5475 2708 5522 autem
2737 5463 3106 5520 testimonium
3137 5478 3202 5514 ex
3233 5463 3426 5517 eodem
3459 5467 3657 5512 contra

2076 5547 2406 5599 Marcionem
2448 5540 2591 5593 libro
2611 5607 2620 5610 _
2638 5539 3006 5610 desumptutn_
3022 5532 3256 5610 probant
3291 5533 3421 5610 haec.
3439 5528 3651 5610 verba:

2079 5615 2183 5668 Per
2233 5610 2541 5680 Imjusmodi
2593 5599 2902 5680 hominem,
2961 5599 3292 5658 Marcionth
3373 5599 3655 5661 videlicet,

2079 5678 2410 5754 blasphemat
2436 5696 2555 5734 eum
2583 5678 2773 5742 Deum,
2807 5683 2914 5732 etc.
