3974 6256
397 316 539 377 1595

1665 333 2011 393 ΔΡΡΕΝΒΙΧ
2040 370 2110 382 -—
2142 339 2322 396 PARS
2363 342 2425 399 ll.

3520 349 3548 405 ί
3559 349 3662 405 596

1697 476 1785 532 XI.
1822 478 1905 533 Ea:
1931 479 2047 533 cod.
2080 481 2303 536 Coislin.
2340 483 2393 537 5.

465 582 570 642 Per
618 590 760 642 duos
794 601 1049 658 passeres
1079 588 1421 661 signiﬁcatur
1449 593 1707 651 Christus
1740 602 1793 651 et
1829 612 1964 651 mor-

2146 599 2223 654 A'.
2248 603 2323 653 At‘
2348 602 2546 671 ἀμφοῖν
2562 601 2669 673 (54)
2681 604 2790 655 τοῖν
2809 599 3011 674 ὀρνέοιν
3033 602 3353 671 σημαίνεται
3368 603 3396 655 6
3412 604 3457 656 Χ
3465 604 3649 675 ριστὺς

392 684 524 732 tuus
551 687 609 731 ut
633 679 819 742 homo,
848 688 903 733 et
924 680 1114 737 vivens
1146 693 1206 737 ut
1232 682 1395 739 Deus.
1434 685 1647 743 Passeri
1677 700 1856 744 autem
1889 706 1977 747 as—

396 768 690 833 similatur,
719 769 849 838 quia
883 770 948 824 de
979 774 1234 842 supernis
1262 784 1315 829 et
1342 792 1372 830 e
1398 778 1537 832 caelo
1574 795 1697 834 esse
1722 781 1978 853 intelligi-

395 868 484 915 tur
512 868 564 915 et
589 860 814 915 dicitur.
850 860 1082 918 Tinctus
1131 873 1312 919 autem
1352 868 1512 923 vivus
1542 886 1733 939 passer
1762 872 1817 926 in
1850 888 1979 926 san-

392 950 559 1021 guine
582 954 781 1005 mortui
816 960 1003 1021 postea
1039 955 1440 1014 dimittebatur.
1462 960 1597 1014 Nam
1627 963 1681 1016 in
1712 964 1976 1019 cruciﬁxo

391 1048 445 1094 et
472 1050 688 1095 mortuo
721 1044 924 1112 templo
968 1046 1158 1101 vivens
1189 1058 1242 1102 et
1273 1050 1519 1104 divinum
1564 1062 1681 1107 erat
1710 1051 1972 1123 Verbum,

391 1139 581 1202 utpote
614 1134 889 1203 passionis
923 1138 1220 1209 particeps,
1253 1150 1305 1195 et
1336 1142 1691 1212 impassibilis
1718 1154 1775 1199 ut
1806 1144 1972 1203 Deus.

459 1313 566 1371 Per
586 1318 639 1372 id
672 1320 815 1389 quod
850 1322 903 1375 in
929 1338 1070 1393 aqua
1101 1325 1223 1379 viva
1256 1327 1435 1394 ﬁebat,
1466 1329 1518 1383 in
1548 1346 1655 1400 qua
1686 1331 1895 1403 lignum
1920 1342 1975 1389 et

390 1406 666 1478 hyssopus
711 1420 765 1464 et
812 1427 1014 1468 coccus
1069 1416 1448 1487 tingebantur,
1490 1432 1716 1476 cruenta
1768 1423 1973 1480 Christi

388 1515 487 1569 per
510 1502 716 1571 lignum
742 1508 927 1573 passio
959 1508 1025 1561 ad
1057 1524 1247 1563 eorum
1274 1551 1289 1575 ,
1320 1514 1413 1582 qui
1443 1513 1637 1583 spiritu
1668 1522 1721 1568 et
1746 1530 1887 1586 aqua
1917 1525 1973 1573 et

390 1593 659 1660 sanguine
708 1606 1078 1667 asperguntur
1102 1638 1117 1663 ,
1162 1602 1390 1655 salutem
1425 1603 1761 1674 designatur.
1794 1604 1974 1671 Quare

388 1697 498 1735 non
533 1687 805 1755 praecipue
829 1688 897 1742 de
921 1690 1069 1759 lepra
1111 1700 1230 1745 erat
1280 1695 1509 1748 materia
1539 1698 1967 1766 expurgationis,

388 1774 485 1828 sed
517 1774 585 1831 de
613 1780 941 1837 remissione
970 1792 1321 1853 peccatorum
1346 1826 1359 1849 ,
1390 1787 1467 1840 ita
1495 1797 1556 1840 ut
1583 1796 1637 1843 et
1670 1793 1819 1860 lepra
1848 1807 1975 1860 pec-

2080 692 2174 745 καὶ
2199 690 2429 755 τεθνεὼς
2467 694 2541 756 ὼς
2575 692 2876 763 ἄνθρωπος,
2912 691 3005 745 καὶ
3039 691 3147 756 ζῶν
3183 692 3260 756 ὡς
3281 692 3432 757 Θεός.
3477 695 3651 765 Ὀρνι-

2078 782 2176 854 θίῳ
2206 784 2261 837 δὲ
2293 788 2679 857 παρεικάζεται
2721 789 2807 841 διὰ
2835 789 2893 842 τὸ
2930 789 3132 842 ἀνωθεν
3178 792 3271 842 καὶ
3316 792 3375 857 ἐξ
3425 794 3660 862 οὐρανοῦ

2076 875 2311 928 νοεῖσθαι
2339 878 2430 929 κα).
2458 876 2733 946 λέγεσθαι.
2769 881 3068 933 Βαπτισθὲν
3100 881 3154 933 δὲ
3181 880 3240 933 τὸ
3269 880 3377 945 ζῶν
3423 884 3661 953 ὀρνίθων

2078 967 2134 1017 ἐν
2172 963 2247 1035 τῷ
2272 967 2460 1037 αἵματι
2492 970 2585 1022 τοῦ
2618 970 2911 1035 τεθνεῶτος
2934 1013 2948 1035 ,
2998 974 3177 1025 ἀνεῖτο
3203 972 3389 1027 λοιπόν
3410 991 3422 1002 ·
3459 976 3518 1027 ἐν
3550 977 3661 1047 γάρ

2074 1056 2151 1126 τῷ
2184 1059 2542 1128 σταυρωθέντι
2573 1064 2665 1114 καὶ
2694 1062 3013 1115 ἀποθανόντι
3054 1063 3165 1134 ναῷ
3194 1066 3220 1115 6
3251 1064 3358 1129 ζῶν
3388 1066 3485 1117 καὶ
3514 1065 3658 1130 θεῖος

2074 1140 2141 1215 ἦν
2168 1147 2337 1215 Λόγος
2361 1166 2373 1178 ·
2403 1151 2657 1216 κοινωνὸς
2688 1151 2877 1225 ὥσπερ
2906 1154 2999 1207 τοῦ
3031 1155 3236 1219 πάθους
3256 1198 3269 1221 ,
3312 1159 3407 1210 καὶ
3438 1159 3658 1231 ἀπαθὴς

2074 1235 2150 1299 ὡς
2187 1238 2337 1302 Θεός.

2151 1327 2229 1383 B'.
2259 1328 2359 1382 Διά
2388 1330 2482 1383 τοῦ
2511 1330 2594 1400 ἐφ’
2624 1327 2777 1383 ὕδατι
2803 1327 2987 1397 ζῶντι,
3020 1330 3078 1385 ὲν
3115 1326 3160 1401 ᾧ
3188 1330 3250 1385 τὸ
3283 1332 3436 1398 ξύλον
3462 1335 3559 1389 καὶ
3589 1336 3651 1388 τὸ

2082 1419 2334 1475 ὕσσωπον
2364 1423 2458 1476 καὶ
2486 1422 2545 1475 τὸ
2569 1421 2817 1476 κόκκινον
2845 1421 3127 1487 ὲϐάπτετο,
3161 1422 3222 1476 τὸ
3246 1422 3334 1477 διά
3367 1426 3461 1479 τοῦ
3490 1426 3648 1493 ξύλου

2074 1512 2293 1584 ἔναιμον
2322 1514 2491 1578 πάθος
2514 1516 2604 1568 τοῦ
2637 1518 2894 1588 Χριστοῦ,
2921 1520 2977 1570 ὲν
3004 1522 3068 1591 τῇ
3104 1520 3209 1573 τῶν
3236 1520 3323 1574 διὰ
3345 1522 3658 1593 πνεύματος

2074 1606 2167 1658 καὶ
2198 1605 2384 1669 ὓδατος
2432 1607 2527 1660 καὶ
2569 1608 2793 1679 αἵματος
2830 1610 3226 1681 ραντιζομένων
3271 1614 3517 1685 σωτηρία
3563 1615 3658 1686 δη-

2072 1696 2286 1749 λοῦται·
2333 1697 2473 1750 ὥστε
2522 1699 2580 1751 οὐ
2628 1702 3004 1772 προκειμένως
3044 1704 3171 1773 περὶ
3212 1703 3422 1775 λέπρας
3452 1709 3484 1775 ἡ
3518 1706 3656 1759 ὑπό-

2073 1788 2219 1853 θεσις
2240 1785 2307 1860 ἦν
2331 1791 2425 1844 τοῦ
2459 1791 2800 1863 καθαρισμοῦ
2820 1834 2833 1857 ,
2866 1792 2998 1846 ἀλλά
3029 1796 3156 1865 περὶ
3185 1796 3432 1864 ἀφέσεως
3468 1799 3657 1867 ἀμαρι

386 1869 496 1921 cati
546 1869 720 1939 ﬁgura
746 1914 760 1940 ,
810 1881 865 1928 et
895 1889 959 1929 ea
996 1892 1118 1945 quae
1154 1878 1508 1933 immolantur
1538 1881 1717 1943 illius,
1752 1884 1845 1955 qui
1872 1899 1964 1953 pro

2075 1882 2220 1945 τιῶν,
2245 1884 2329 1935 ἵνα
2356 1884 2519 1954 νοηθῇ
2553 1886 2696 1955 καὶὴ
2721 1884 2896 1955 λέπρα
2933 1888 3212 1958 παραϐολὴ
3232 1888 3332 1957 τῆς
3356 1890 3653 1959 ἁμαρτίας,

385 1965 630 2032 peccatis
659 1981 926 2035 passurus
953 1976 1093 2034 erat,
1129 1968 1305 2040 ﬁgura
1335 1971 1731 2044 intelligantur.

456 2140 755 2213 Propterea
797 2156 1201 2218 consequenter
1244 2153 1502 2221 praecepit
1546 2153 1601 2207 in
1635 2167 1775 2223 aqua
1806 2155 1981 2211 simul-

386 2234 673 2289 coccinum
701 2237 857 2307 tingi,
881 2253 1098 2293 carnem
1127 2243 1501 2309 pramuntians
1535 2259 1644 2296 non
1672 2244 1783 2312 jam
1810 2254 1971 2298 natu-

384 2323 596 2381 ralibus
630 2328 777 2384 vitiis
810 2330 1124 2385 obnoxiam.
1176 2332 1390 2388 Idcirco
1429 2341 1483 2389 et
1531 2334 1640 2391 duo
1668 2351 1919 2405 passeres
1950 2355 1965 2393 :

384 2416 525 2471 alter
572 2419 793 2488 quidem
828 2423 920 2492 qui
977 2422 1294 2479 immolatur
1325 2426 1379 2479 in
1411 2441 1584 2495 aqua,
1621 2426 1757 2481 alter
1785 2435 1967 2482 autem

382 2508 477 2576 qui
508 2508 740 2579 tingitur
771 2512 825 2565 in
859 2514 1128 2584 sanguine
1174 2522 1230 2570 et
1276 2516 1581 2582 emittitur,
1612 2518 1969 2587 quemadmo-

380 2598 513 2653 dum
547 2600 754 2656 dictum
784 2613 868 2659 est
896 2615 950 2660 et
980 2606 1050 2660 de
1081 2608 1273 2663 hircis.

454 2691 656 2749 Hircus
690 2696 1011 2753 emissarius
1064 2700 1211 2756 illius
1232 2740 1247 2765 ,
1302 2702 1393 2771 qui
1425 2708 1649 2771 peccata
1682 2701 1967 2757 hominum

381 2784 542 2849 tulit,
574 2785 802 2856 ﬁguram
834 2790 1148 2845 exhibebat.
1204 2792 1322 2847 Duo
1352 2801 1533 2847 autem
1582 2794 1801 2849 unicam
1832 2809 1967 2848 con-

382 2878 632 2933 tinebant
661 2878 755 2934 Dei
784 2880 1026 2939 hominis
1072 2882 1202 2937 facti
1234 2884 1722 2954 dispensationem.
1759 2884 1965 2940 Vulne-

382 2978 537 3027 ratus
600 2979 687 3027 est
757 2974 901 3028 enim
973 2984 1198 3046 propter
1259 2976 1578 3047 iniquitates
1638 2986 1859 3032 nostras
1912 2984 1967 3031 et

382 3072 603 3130 peccata
637 3065 935 3119 multorum
981 3068 1133 3134 tulit,
1173 3078 1227 3124 et
1257 3077 1479 3139 propter
1509 3069 1826 3138 iniquitates
1875 3084 1969 3123 eo-

381 3167 503 3208 rum
539 3157 774 3213 traditus
796 3167 899 3214 est.

2073 1975 2165 2027 καὶ
2206 1974 2274 2027 τὰ
2322 1974 2557 2045 θυόμενα
2604 1978 2883 2050 παραϐολὴ
2936 1979 3030 2031 τοῦ
3093 1979 3373 2050 μέλλοντος
3426 1981 3655 2035 θύεσθαι

2072 2067 2211 2136 ὑπὲρ
2244 2068 2545 2136 ἁμαρτιῶν.
2836 2058 2839 2061 δ

2138 2158 2212 2209 Γ’.
2232 2158 2329 2211 Διά
2350 2158 2507 2211 τοῦτο
2522 2158 2824 2223 ἀκολούθως
2842 2159 3135 2229 βάπτεσθαι
3154 2162 3432 2216 ἐκέλευσεν
3449 2165 3565 2234 ἃμα
3588 2165 3648 2218 τὸ

2078 2247 2327 2302 κόκκινον
2350 2251 2429 2312 είς
2464 2250 2522 2302 τὸ
2556 2251 2720 2323 ὕδωρ,
2750 2252 2848 2320 τὴν
2876 2252 3060 2304 οὐκέτι
3091 2254 3157 2306 τὰ
3194 2256 3395 2322 φυσικά
3415 2256 3647 2327 ἔχουσαν

2072 2338 2250 2409 σάρκα
2278 2341 2652 2409 προφητεύων.
2692 2339 2790 2392 Διά
2813 2357 2893 2393 τοι
2921 2341 3078 2394 τοῦτο
3108 2342 3311 2395 καὶδύο
3332 2343 3564 2413 ὀρνίθια,
3591 2343 3649 2394 ἒν

2073 2431 2171 2501 μὲν
2203 2430 2459 2501 θυόμενον
2491 2431 2575 2499 ἐφ’
2601 2430 2752 2486 ὕδατι
2774 2474 2787 2496 ,
2823 2434 2917 2485 κα).
2955 2433 3011 2486 ἓν
3049 2433 3442 2505 βαπτιζόμενον
3472 2436 3551 2497 είς
3590 2436 3651 2487 τὺ

2068 2519 2205 2593 αἷμα
2230 2523 2321 2576 καὶ
2344 2524 2419 2585 είς
2445 2521 2504 2574 τὸ
2528 2520 2690 2595 ὕδωρ,
2718 2525 2813 2577 καὶ
2835 2525 3375 2597 ὲξαποστελλόμενον,
3396 2528 3652 2599 καθάπερ

2069 2616 2282 2686 εἴρηται
2312 2616 2402 2668 καὶ
2430 2617 2523 2668 ἐπὶ
2551 2616 2658 2671 τῶν
2680 2617 2918 2687 τράγων.

2134 2705 2206 2758 Δ’.
2226 2704 2284 2758 ’0
2305 2706 2403 2774 τῆς
2428 2706 2761 2774 ἀποπομπῆς
2781 2707 2982 2776 τράγος
3002 2705 3091 2759 τὸν
3112 2708 3279 2759 τύπον
3298 2710 3389 2762 τοῦ
3414 2714 3513 2773 τάς
3532 2712 3642 2761 τῶν

2069 2796 2371 2868 ἀνθρώπων
2406 2796 2679 2868 ἁμαρτίας
2707 2797 3175 2867 ἀναλαμϐάνοντος
3203 2801 3450 2864 ὲξετέλει.
3488 2804 3553 2854 Οἱ
3585 2802 3642 2854 δὲ

2068 2889 2161 2942 δύο
2206 2890 2305 2961 τὴν
2354 2889 2481 2961 μίαν
2525 2892 2796 2961 περιεῖχον
2837 2889 2930 2942 τοῦ
2962 2889 3481 2960 ἐνανθρωπήσαντος
3511 2887 3651 2941 Θεοῦ

2068 2982 2393 3053 οἰκονομίαν.
2458 2981 2893 3053 Ἐτραυματίσθη
2949 2981 3057 3051 γὰρ
3102 2981 3190 3033 διὰ
3254 2981 3355 3045 τάς
3417 2980 3651 3050 ἀνομίας

2069 3070 2246 3141 ἡμῶν,
2285 3071 2377 3123 καὶ
2403 3070 2563 3133 αὐτὸς
2593 3070 2863 3141 ἁμαρτίας
2895 3069 3103 3123 πολλῶν
3130 3071 3420 3141 ἀνήνεγκε,
3444 3071 3541 3124 καὶ
3562 3070 3651 3127 διὰ

2068 3164 2167 3227 τὰς
2196 3164 2423 3235 ἀνομίας
2454 3164 2609 3235 ἡμῶν
2640 3164 2935 3234 παρεδόθη.

385 3267 505 3324 XII.
541 3270 675 3334 (ΙΧ.)
704 3270 787 3323 Ea:
819 3270 1025 3326 Leontii
1054 3272 1146 3326 lib.
1182 3287 1219 3325 ιι
1254 3281 1442 3329 contra
1470 3274 1842 3346 Eutychianos
1875 3285 1930 3333 et
1955 3275 2335 3344 Nestorianos,
2364 3277 2503 3344 apud
2539 3274 2793 3329 Grabium
2825 3275 3076 3346 Spicileg.
3113 3284 3246 3331 tom.
3271 3280 3337 3343 ll,
3362 3293 3484 3347 pag.
3518 3280 3644 3335 £72-

449 3375 587 3432 Cum
635 3377 929 3433 formasset
960 3379 1103 3435 Deus
1147 3380 1422 3437 hominem
1454 3397 1484 3435 a
1510 3382 1801 3452 principio,
1833 3379 1962 3436 fecit

2140 3382 2360 3444 Πλάσας
2386 3382 2413 3433 6
2435 3378 2567 3441 Θεὸς
2590 3380 2710 3431 κατ’
2738 3377 2912 3449 ἀρχὰς
2952 3377 3042 3431 τὸν
3071 3379 3354 3449 ἄνθρωπον
3380 3381 3479 3450 τῆς
3507 3382 3652 3450 γνὼ-

379 3476 441 3522 ut
470 3484 591 3538 quae
626 3476 839 3525 natura:
882 3480 1059 3535 erant,
1086 3488 1152 3527 ex
1180 3474 1463 3527 voluntate
1494 3474 1614 3542 ejus
1636 3473 1958 3543 penderent,

380 3557 546 3630 598
594 3560 830 3631 fecitque
874 3578 984 3617 uno
1029 3564 1290 3618 mandato
1320 3565 1773 3634 experimentum.
1809 3566 1962 3621 Fecit

377 3654 523 3707 enim
560 3662 616 3707 ut
641 3654 686 3708 si
716 3655 819 3709 hoc
849 3666 1164 3721 servasset,
1213 3659 1379 3711 vitam
1408 3658 1770 3713 immortalem
1798 3660 1962 3715 sorti-

377 3752 564 3811 retur;
618 3746 663 3801 si
714 3762 824 3801 non
876 3756 1185 3813 servasset,
1227 3750 1582 3803 contrariam.
1637 3750 1729 3804 Sic
1781 3749 1961 3806 factus

379 3837 545 3893 homo
575 3853 699 3892 cum
728 3838 794 3892 ad
835 3840 1185 3895 violationem
1230 3840 1473 3895 mandati
1506 3842 1688 3896 statim
1720 3842 1961 3911 respice-

377 3936 495 3993 ret,
530 3932 933 4000 corruptionem
967 3933 1292 3988 naturaliter
1339 3934 1569 4003 recepit.
1598 3933 1961 4004 Corruptione

378 4028 563 4075 autem
595 4022 659 4075 ad
687 4030 938 4077 naturam
976 4024 1303 4089 accedente,
1335 4040 1564 4081 necesse
1591 4033 1746 4091 erat,
1781 4033 1840 4079 ut
1867 4026 1960 4096 qui

378 4114 595 4170 salvare
619 4116 876 4179 volebat,
923 4117 1294 4186 corruptionis
1347 4118 1681 4173 eﬁ‘ectricem
1733 4134 1963 4173 causam

378 4202 604 4262 deleret.
632 4205 747 4261 Hoc
777 4219 955 4261 autem
988 4208 1145 4262 aliter
1175 4208 1290 4263 ﬁeri
1320 4224 1429 4263 non
1453 4218 1685 4280 poterat,
1710 4210 1816 4264 nisi
1841 4225 1961 4280 qua:

450 4382 560 4451 (54)
602 4385 683 4437 Δι’
726 4383 964 4452 ἀμφοῖν.
1012 4382 1125 4437 Hoc
1172 4385 1546 4439 testimonium
1590 4386 1849 4440 tribuitur
1893 4386 1956 4445 S.

378 4451 584 4522 Cyrillo
615 4455 667 4507 in
692 4451 882 4508 codice
910 4455 941 4507 6
963 4455 1208 4522 ejusdem
1234 4455 1658 4517 Bibliothecreet
1690 4458 1743 4510 in
1769 4456 1960 4511 codice

378 4520 513 4595 ﬂeg.
541 4525 665 4586 128,
700 4540 824 4595 pag.
856 4520 1286 4579 395(Nonnulla
1319 4526 1446 4579 huic
1470 4528 1786 4580 testimonio
1808 4528 1962 4581 simio

379 4591 450 4645 lia
469 4591 739 4665 habemus
770 4591 912 4664 apud
935 4595 1198 4665 Cyrillum
1222 4596 1375 4651 Alex.
1414 4596 1669 4665 Gtaphyr.
1699 4598 1751 4649 in
1784 4596 1952 4653 Leuit.

380 4677 434 4731 p.
488 4664 610 4717 357.
668 4664 821 4718 Hanc
865 4664 1009 4719 enim
1054 4666 1207 4719 aﬁert
1248 4667 1514 4720 rationem
1556 4664 1655 4719 cur
1704 4667 1960 4722 Christus

2067 3490 2172 3544 μης
2201 3472 2365 3525 αὐτοῦ
2394 3471 2463 3523 τά
2503 3469 2604 3539 τῆς
2641 3468 2853 3537 φύσεως
2902 3468 3230 3541 ἀπῃὼρησεν
3258 3510 3272 3533 ,
3321 3472 3508 3541 ἐντολῇ
3550 3476 3652 3544 μιᾷ

2062 3565 2427 3635 ποιησάμενος
2446 3563 2545 3632 τὴν
2565 3564 2870 3634 διάπειραν.
2902 3562 3215 3629 Φυλάξαντα
3247 3564 3347 3633 μὲν
3378 3564 3490 3635 γὰρ
3517 3566 3651 3618 ταύ-

2061 3676 2182 3729 την,
2214 3658 2311 3727 τῆς
2336 3656 2601 3709 ἀθανάτου
2631 3654 2834 3725 λήξεως
2864 3656 3160 3724 πεποίηκεν
3191 3655 3408 3710 ἔσεσθαι
3428 3696 3441 3719 ,
3469 3676 3650 3729 παρα-

2065 3749 2234 3802 ϐάντα
2263 3748 2338 3811 δὲ,
2366 3748 2465 3817 τῆς
2491 3747 2756 3809 ἐναντίας.
2791 3745 2949 3800 Οὕτω
2978 3746 3213 3815 γεγονὼς
3246 3748 3355 3817 (55)
3386 3750 3414 3800 6
3442 3749 3649 3819 ἄνθρω-

2067 3859 2185 3907 πος,
2213 3842 2303 3893 καὶ
2328 3839 2465 3910 πρὸς
2490 3840 2589 3909 τὴν
2618 3839 2927 3910 παράϐασιν
2955 3838 3116 3902 εὐθὺς
3144 3838 3284 3903 ἰδὼν,
3309 3839 3406 3910 τὴν
3439 3841 3650 3911 φθορὰν

2066 3930 2308 4001 φυσικῶς
2356 3929 2676 3992 εἰσεδέξατο.
2711 3928 2873 3981 Φύσει
2901 3929 2957 3981 δὲ
2984 3930 3081 3999 τῆς
3110 3929 3314 4000 φθορᾶς
3344 3944 3649 3999 προσγενο-

2068 4025 2269 4095 μένης,
2317 4023 2611 4091 ἀναγκαῖον
2637 4018 2737 4093 ἦν,
2771 4022 2853 4073 ὅτι
2899 4020 3068 4073 σῶσαι
3118 4020 3441 4090 βουλόμενος
3545 4022 3651 4091 τὴν

2064 4114 2384 4185 φθοροποιὸν
2427 4114 2612 4166 οὐσίαν
2659 4114 2929 4182 ἀφανίσας
2972 4112 3103 4182 (56).
3155 4114 3324 4166 Τοῦτο
3356 4114 3411 4167 δὲ
3450 4116 3552 4169 οὐκ
3577 4112 3649 4186 ἦν

2064 4207 2265 4276 ἑτέρως
2290 4204 2564 4273 γενέσθαι,
2601 4207 2649 4257 εἰ
2689 4205 2873 4275 μήπερ
2898 4205 2931 4273 ἡ
2963 4204 3104 4257 κατά
3137 4203 3299 4274 φύσιν
3328 4203 3443 4277 ζωὴ
3478 4222 3650 4278 προσ-

2064 4385 2211 4441 riora
2261 4383 2671 4452 intelligendum
2706 4384 2939 4448 videtur,
2967 4385 3045 4438 ita
3076 4392 3135 4438 ut
3165 4386 3424 4453 templum
3458 4387 3647 4441 cruci-

2065 4457 2231 4509 ﬁxum
2279 4463 2332 4509 et
2389 4464 2703 4524 mortuum,
2755 4471 2942 4509 vivens
2974 4462 3154 4524 autem
3204 4464 3259 4508 et
3303 4457 3649 4524 impassiliile

2063 4524 2302 4581 Verbum
2327 4525 2561 4578 dicatur.
2594 4523 2761 4577 Multo
2792 4526 3103 4578 accuratius
3135 4523 3193 4579 S.
3224 4523 3463 4595 Cyrillus
3490 4543 3647 4579 cum-

2064 4598 2185 4650 dem
2232 4595 2510 4648 Christum
2554 4602 2607 4647 et
2648 4595 2701 4647 in
2739 4605 2904 4648 morte
2937 4604 2984 4647 et
3018 4610 3180 4659 supra
3225 4606 3444 4648 mortem
3481 4598 3649 4661 fuisse

2066 4666 2215 4720 dicit.
2250 4664 2306 4717 In
2339 4663 2723 4719 Admonitione
2755 4664 2821 4717 ad
2851 4664 3259 4733 Expositionem
3286 4665 3471 4720 Recta:
3499 4668 3648 4720 Con-

379 4742 895 4817 gomparveturccum
914 4736 1404 4817 “passere._T331ro;
1435 4737 1505 4815 ᾗδὲ
1542 4732 1610 4817 ᾖν
1661 4737 1957 4817 καιτοῦτο

2075 4735 2320 4817 ῖθεείῡιιὶε
2352 4733 2537 4788 videor
2554 4735 2705 4817 ‘milii
2736 4750 2850 4815 .non
2883 4732 3109 4814 incertis
3137 4736 3649 4817 argumentis'pro-

380 4799 638 4888 ξριστοῇ,
673 4799 1012 4888 τοῦῃόὶνωθεν⁸
1152 4805 1210 4869 ἐξ
1234 4805 1471 4888 οὐρανῷ.
1488 4824 1500 4836 ·
1524 4799 1826 4888 ,ἀεροπετὲς
1849 4808 1957 4876 γὰρ

380 4871 443 4923 τὸ
464 4872 715 4946 ὀρνίθιον.
749 4872 894 4946 Nam
914 4884 962 4927 et
995 4874 1048 4927 id
1079 4876 1248 4945 ﬁgura
1272 4871 1386 4929 erat
1408 4871 1635 4938 Christi,
1661 4878 1750 4946 qui
1777 4877 1840 4930 de
1861 4871 1956 4931 sul

379 4943 553 5008 pernis
584 4955 631 4996 et
662 4944 725 4997 de
758 4945 885 4998 cazlo
922 4955 1019 4999 est.
1059 4943 1211 4998 Votat
1240 4948 1377 5000 enim
1403 4962 1589 5013 passer
1620 4943 1681 4999 ιη’
1705 4964 1843 5001 aere.
1892 4947 1957 4999 Et

419 5028 504 5087 ag.
538 5014 681 5087 5597:
713 5014 1085 5087 Τέθυταιᾷγάρ
1118 5017 1257 5087 ὑπὲρ
1289 5016 1444 5087 ἡμῶν
1476 5019 1503 5087 6
1538 5018 1805 5087 Χριστός·
1841 5017 1955 5070 ἀλλ’

419 5028 504 5081 ag.
538 5027 642 5067 653
669 5030 681 5065 :
713 5027 944 5067 ἰἐυυται
977 5027 1085 5085 γάρ
1118 5027 1257 5087 υπερ
1289 5027 1444 5087 ἡμων
1476 5027 1503 5069 ο
1538 5027 1770 5087 Χριστος
1794 5035 1805 5046 ·
1841 5027 1954 5070 ἀλλ’

379 5027 445 5207 ἓν
478 5085 505 5135 ό
538 5085 698 5147 αὐτὸς
736 5086 828 5137 καὶ
858 5086 914 5137 ἐν
948 5085 1161 5157 θανάτῳ
1191 5088 1284 5138 καὶ
1315 5088 1453 5158 ὑπὲρ
1488 5086 1731 5140 θάνατον.
1764 5086 1958 5139 Immo-

405 5162 524 5207 atus
567 5156 705 5207 enim
745 5165 822 5207 est
866 5170 960 5207 pro
994 5156 1142 5207 nobis
1170 5155 1445 5207 Christus:
1479 5166 1533 5207 at
1564 5156 1701 5207 idem
1747 5168 1859 5207 erat
1900 5159 1956 5207 in

405 5162 524 5207 atus
567 5156 705 5207 enim
745 5165 822 5207 est
866 5170 960 5221 pro
994 5155 1142 5209 nobis
1170 5155 1445 5218 Christus}
1479 5166 1533 5209 at
1564 5156 1701 5209 idem
1747 5168 1859 5211 erat
1900 5159 1956 5211 in

382 5233 550 5277 morte
580 5233 628 5295 et
667 5241 828 5293 supra
855 5235 1093 5280 mortem.
1117 5226 1221 5279 Sed
1255 5242 1355 5280 nec
1371 5226 1632 5295 Cyrillum
1662 5242 1763 5280 nec
1786 5226 1958 5281 Justi-

383 5310 514 5348 nuui
573 5294 779 5349 dixisse
827 5296 1153 5349 crediderim
1224 5297 1279 5350 in
1339 5294 1541 5365 templo
1591 5296 1851 5351 cruciﬁxo
1904 5305 1957 5351 et

384 5372 605 5437 mortuo
633 5365 811 5437 fuisse
838 5364 1079 5419 Verbum
1112 5367 1321 5429 vivens,
1349 5374 1421 5419 ila
1448 5364 1505 5419 ut
1538 5367 1811 5437 particeps
1836 5366 1956 5421 fue-

382 5436 454 5505 rit
497 5436 800 5505 passionis,
837 5444 895 5487 ut
927 5437 1125 5499 homo,
1174 5445 1227 5490 et
1275 5437 1629 5505 impassibilis
1652 5476 1666 5499 ,
1703 5436 1761 5491 ut
1793 5437 1955 5491 Deus.

384 5502 511 5586 Duo
540 5506 833 5586 sin-quentia
856 5505 1154 5586 fragmenta
1186 5502 1546 5586 reperiuntur
1578 5507 1633 5559 in
1660 5506 1831 5586 Regio
1864 5523 1959 5586 co-

385 5523 504 5557 uuo
540 5523 824 5629 εε-ιὲιιοιιιιει
856 5523 1154 5586 iragmcnta
1186 5523 1537 5575 reperiuntur
1578 5523 1633 5559 ιιι
1660 5523 1831 5573 ueglo
1864 5523 1958 5561 co-

385 5574 505 5629 dice
540 5576 605 5630 12
660 5616 673 5636 ,
705 5584 759 5629 et
796 5575 1150 5631 Coislinianis
1183 5576 1217 5629 5
1251 5586 1304 5630 et
1344 5576 1412 5640 6,
1464 5578 1568 5631 sub
1606 5578 1825 5631 nomine
1861 5577 1958 5631 Ju-

389 5646 539 5707 slini,
575 5646 795 5700 tertium
828 5647 882 5700 in
916 5647 1033 5701 solo
1061 5646 1230 5701 Coisl.
1260 5647 1308 5700 6.
1345 5645 1422 5701 lbi
1451 5646 1556 5700 duo
1585 5647 1719 5701 hirci
1747 5649 1959 5700 unicam

392 5714 490 5769 Dei
532 5716 756 5771 hominis
807 5716 938 5784 facti
989 5718 1431 5784 dispensationem
1464 5718 1720 5771 exhibere
1761 5719 1957 5772 dicun-

385 5795 511 5855 tur,
542 5787 684 5859 quod
730 5787 949 5858 quidem
985 5788 1039 5842 in
1081 5787 1324 5845 eamdem
1358 5788 1682 5845 sententiam
1707 5802 1770 5843 ac
1800 5804 1961 5860 supe-

2063 4810 2226 4863 basse
2252 4806 2353 4858 hoc
2377 4819 2515 4873 opus
2546 4803 2747 4857 Justini
2782 4804 2989 4857 nomini
3018 4807 3363 4874 suppositum
3392 4822 3422 4857 a
3457 4803 3652 4859 Nestoc

2063 4876 2235 4933 rianis
2269 4875 2458 4930 fuisse.
2493 4874 2745 4942 Suspicio
2769 4883 2851 4928 est
2881 4876 2994 4928 haec
3019 4873 3323 4944 fragmenta
3362 4892 3427 4929 ex
3460 4876 3649 4944 aliquo

2064 4945 2334 5017 ejusmodi
2368 4960 2531 5017 opere
2562 4945 2885 5013 praclarum
2921 4945 3055 4999 illud
3086 4961 3286 5000 nomen
3318 4960 3431 5015 pne
3467 4960 3527 5000 se
3567 4948 3647 5001 fe-

2064 5014 2217 5073 rente
2242 5024 2395 5070 eruta
2424 5014 2615 5069 tuisse.

2138 5086 2250 5155 (55)
2295 5086 2457 5138 Οὕτω
2497 5083 2772 5154 γεγονώς.
2826 5081 3123 5156 Superiora
3175 5085 3319 5156 apud
3372 5084 3642 5141 Joannem

2062 5153 2459 5210 Damascenuin
2503 5153 2801 5208 Occurrunt
2830 5153 3092 5224 Parallel.
3148 5153 3353 5224 p.'5l5
3376 5197 3390 5217 ,
3441 5156 3647 5212 desunt

2062 5241 2184 5295 quae
2225 5232 2549 5295 sequuntur.
2585 5224 2781 5279 Totum
2820 5222 3183 5295 fragmentum
3228 5229 3372 5280 eruit
3403 5224 3646 5283 Grabius

2063 5294 2127 5351 ex
2157 5296 2345 5349 codice
2370 5294 2663 5366 Bodleiano
2688 5296 2778 5347 ub'i
2807 5295 2890 5366 sic
2918 5294 3145 5366 citatur,
3175 5296 3461 5351 Ἰουστίνου
3500 5299 3649 5366 φιλο-

2066 5366 2227 5433 σόφου
2261 5367 2354 5435 καὶ
2385 5364 2657 5435 μάρτυρος
2692 5365 2829 5417 κατά
2866 5364 3152 5435 Ἑλλήνων.

2136 5432 2248 5506 (56)
2285 5432 2358 5507 τῌ
2388 5432 2509 5507 τῂν
2540 5432 2905 5507 φθοροποιὸν(
2928 5432 3148 5488 οὐσίαι·
3179 5435 3507 5507 ἀφανίσας.
3542 5435 3646 5489 Pro

2065 5503 2153 5561 his
2175 5503 2460 5578 Veciliusﬁ
2490 5506 2755 5578 ἀφανίσας
2787 5506 3002 5578 mallem
3038 5505 3319 5578 ἀφανίσαι.
3356 5506 3463 5559 Sed
3502 5523 3642 5576 pra:-

2066 5578 2286 5647 cipuuui
2318 5575 2481 5647 hujus
2518 5575 2855 5647 loci_vitiun|
2889 5575 2943 5647 in
2972 5576 3093 5647 istis
3124 5585 3364 5644 posntum
3393 5575 3512 5639 est,
3544 5579 3646 5647 τὴν

2068 5593 2113 5632 οι
2160 5593 2286 5629 υιιιιι
2319 5593 2481 5644 nujus
2529 5593 2629 5629 IOCI
2668 5593 2855 5627 viuum
2889 5593 2943 5627 ιιι
2972 5593 3093 5629 usus
3124 5593 3364 5644 posuum
3393 5593 3477 5629 est
3498 5620 3512 5639 ,
3544 5594 3643 5647 την

2068 5593 2388 5717 φθθροποιὸν
2408 5644 2614 5717 οὐσίαν.
2640 5643 2796 5717 Nulla
2819 5645 2963 5717 enim
2995 5646 3317 5717 substantia
3335 5649 3643 5717 cori-umid-

2068 5714 2192 5778 nis,
2240 5716 2356 5769 sive
2385 5714 2624 5783 peccati,
2672 5715 2914 5769 ellectrix
2945 5714 3000 5767 in
3037 5715 3193 5769 nobis
3223 5731 3254 5767 a
3284 5715 3507 5772 Christo
3547 5716 3641 5773 de-

2066 5786 2320 5846 struitur.
2355 5786 2463 5844 Sed
2492 5784 2718 5858 legendo
2748 5784 2925 5840 αἱτίαν
2957 5801 3045 5842 res
3068 5786 3351 5842 enitescet.
