3974 6256
367 307 511 367 I507

1595 308 1659 362 -S.
1705 305 1972 363 JUSTINI
2011 305 2453 365 FRAGMENTA.

3489 311 3627 368 1598

367 425 582 498 επλάκη
623 425 701 498 τῷ
736 425 838 499 τὴν
876 427 1085 498 φθορὰν
1125 427 1435 499 δεξαμένῳ,
1465 427 1801 496 ἀφανίζουσα
1843 430 1941 500 μὲν

2053 434 2164 482 erat
2193 426 2497 483 secundum
2530 433 2783 482 naturam
2811 427 2922 482 vita
2940 465 2956 492 ,
2985 427 3340 497 copularetur
3383 443 3508 481 cum
3539 446 3624 496 eo,

368 517 468 587 τὴν
512 516 740 588 φθορὰν,
781 517 1044 572 ἀθάνατον
1087 517 1143 570 δὲ
1195 517 1288 570 τοῦ
1330 517 1516 571 λοιποῦ
1554 519 1616 572 τὸ
1655 518 1944 589 δεξάμενον

2053 521 2196 589 quod
2243 519 2653 588 corruptionem
2686 528 2927 588 ceperat,
2959 526 3012 572 et
3040 519 3450 587 corruptionem
3483 517 3614 573 dele

369 606 720 676 διατηροῦσα.
763 607 860 659 Διὰ
884 606 1041 660 τοῦτο
1063 607 1154 660 τὸν
1182 608 1351 675 Λόγον
1379 608 1594 680 ἐδέησεν
1632 613 1689 662 ὲν
1729 609 1940 679 σώματι

369 698 658 765 γενέσθαι,
689 698 775 752 ἵνα
817 697 910 750 τοῦ
958 699 1184 752 Θανάτου
1233 701 1331 769 τῆς
1363 700 1502 753 κατὰ
1549 701 1708 768 φύσιν
1739 701 1942 773 φθορᾶς

369 791 516 860 ἡμᾶς
550 788 906 862 ἐλευθερώσῃ.
939 790 1002 842 Et
1043 791 1150 862 γὰρ
1177 831 1191 855 ,
1233 790 1308 854 ὥς
1362 809 1497 860 φατε
1549 793 1686 862 (57),
1715 794 1942 864 νεύματι

367 880 534 951 μόνον
576 879 668 934 τὸν
709 880 934 934 θάνατον
977 880 1135 951 ἡμῶν
1183 881 1565 946 ἀπεκώλυσεν,
1609 885 1668 936 ού
1718 885 1943 956 προσῄει

372 969 473 1040 μὲν
518 967 606 1022 διὰ
651 970 751 1041 τὴν
798 969 1051 1039 βούλησιν
1101 972 1130 1023 ὁ
1176 971 1440 1035 Θάνατοςο
1490 973 1638 1026 οὐδὲν
1685 974 1740 1026 δὲ
1782 971 1944 1046 ἦττον

369 1061 598 1131 φθαρτοὶ
622 1060 781 1114 πάλιν
809 1056 950 1132 ἦμεν
968 1103 984 1128 ,
1023 1063 1256 1135 φυσικὴν
1279 1066 1337 1116 ὲν
1370 1067 1582 1130 ἑαυτοῖς
1609 1066 1709 1137 τὴν
1739 1067 1943 1138 φθορὰν

365 1152 780 1224 περιφέροντες.

2049 618 2169 678 ret,
2213 611 2519 664 immortale
2562 624 2694 664 vero
2739 610 2798 663 in
2843 617 3126 678 posterum
3158 617 3439 672 servaret,
3482 609 3631 678 quod

2050 709 2369 772 corrUptum
2403 701 2606 755 fuerat.
2635 700 2848 755 Idcirco
2878 716 3016 770 opus
3044 700 3146 753 fuit
3170 740 3182 760 .
3214 707 3273 752 ut
3301 697 3543 774 Verbum
3569 700 3631 753 in

2049 807 2280 862 corpore
2309 801 2498 857 esset,
2553 800 2676 846 uta
2725 800 2899 845 morte
2945 792 3217 846 naturalis
3258 790 3631 860 corruptionis

2049 899 2152 938 nos
2184 885 2456 940 liberaret.
2494 884 2550 938 Si
2577 900 2728 955 ergo,
2764 892 2823 938 ut
2845 884 3050 949 dicitis,
3083 884 3199 939 solo
3236 892 3371 937 nutu
3401 890 3631 937 mortem

2047 986 2294 1030 nostram
2329 978 2661 1040 avertisset,
2716 991 2826 1030 non
2879 975 3207 1030 accessisset
3253 975 3472 1043 quidem
3503 988 3627 1042 pro-

2049 1081 2170 1141 pter
2219 1071 2555 1124 voluntatcm
2605 1085 2789 1136 mors;
2838 1069 3197 1123 nihilominus
3259 1083 3387 1122 vero
3437 1080 3628 1120 rursus

2047 1163 2436 1231 corruptibiles
2482 1177 2766 1224 essemus,
2823 1161 3130 1216 naturalem
3180 1161 3237 1215 in
3280 1159 3442 1214 nobis
3496 1159 3628 1228 ipsis

2033 1253 2455 1323 corruptionem
2487 1253 2959 1308 circumferentes.

604 1376 743 1430 XIII.
776 1377 962 1447 (XIV.)
1000 1379 1082 1432 Ex
1103 1379 1328 1435 Joannis
1365 1381 1677 1434 Damasrcni
1705 1383 1973 1451 Parallel.,
2007 1401 2129 1456 pag.
2161 1387 2286 1452 569,
2316 1389 2476 1457 apud.
2515 1390 2678 1446 Grab.
2711 1393 2986 1463 Spicileg.,
3016 1405 3053 1449 t.
3092 1395 3158 1458 ΙΙ,
3187 1414 3240 1450 n.
3268 1399 3390 1457 175.

433 1514 646 1588 ’Ὠσπερ
685 1518 818 1570 πᾶσι
865 1516 975 1588 (58)
1022 1520 1138 1583 τοῖς
1185 1520 1494 1591 γενομένοις
1545 1521 1793 1594 σώμασιν
1838 1526 1946 1579 ἀπὸ

360 1607 458 1659 τοῦ
501 1607 637 1661 Θεοῦ
681 1611 1014 1681 συνυπάρχει
1060 1612 1155 1664 καὶ
1192 1612 1251 1664 τὸ
1287 1612 1443 1665 σκιὰν
1476 1613 1618 1685 ἔχειν
1641 1634 1653 1645 ·
1692 1615 1835 1670 οὕτω
1867 1617 1943 1689 τῷ

361 1697 482 1769 Θεῴ
507 1698 699 1770 δικαίῳ
726 1702 860 1766 ὄντι,
886 1705 998 1766 τοῖς
1029 1703 1098 1756 τὰ
1131 1703 1267 1756 καλὰ
1299 1703 1587 1776 ἑλομένοις,
1611 1709 1702 1761 καὶ
1732 1713 1845 1773 τοῖς
1874 1710 1941 1763 τὰ

361 1791 509 1845 κακὰ
553 1795 990 1865 προτιμήσασιν,
1025 1796 1314 1851 ἀκόλουθόν
1361 1799 1476 1851 ἐστι
1525 1800 1586 1852 τὸ
1629 1804 1749 1853 κατ’
1783 1802 1940 1870 ἀξίαν

359 1883 577 1956 ἑκάστῳ
601 1886 916 1958 ἀπονεῖμαι.

2031 1597 2034 1599 Α
2122 1526 2192 1581 Ut
2221 1529 2547 1599 corporibus
2578 1533 2835 1587 omnibus
2867 1549 2896 1586 a
2923 1533 3038 1589 Deo
3063 1535 3368 1604 procreatis
3393 1536 3500 1590 hoc
3551 1535 3629 1590 in-

2049 1622 2209 1676 situm
2240 1629 2344 1686 est,
2375 1631 2435 1676 ut
2476 1625 2725 1678 umbram
2756 1625 3029 1690 habeant,
3077 1627 3156 1681 sic
3189 1627 3353 1681 Deum
3387 1643 3625 1698 quoque,

1977 1760 2020 1818 Β
2048 1715 2138 1784 qui
2167 1715 2353 1784 justus
2382 1724 2486 1780 est,
2517 1723 2631 1770 tum
2665 1718 2754 1781 iis,
2781 1720 2871 1788 qui
2902 1719 3046 1772 bona
3081 1721 3364 1790 elegerint,
3397 1728 3508 1773 tum
3535 1721 3624 1785 iis,

2045 1809 2137 1876 qui
2170 1807 2361 1861 vitium
2392 1811 2691 1880 amplexari
2726 1812 3040 1875 maluerint,
3071 1829 3169 1882 pro
3213 1814 3480 1884 cujusque
3512 1830 3620 1869 me-

2042 1898 2148 1952 rito
2177 1901 2399 1968 prmmia
2433 1902 2676 1957 tribuere
2705 1912 3136 1958 consentaneum
3167 1911 3272 1960 esl.

413 2029 552 2085 XIV.
589 2029 824 2100 (XX|\'.)
862 2029 943 2083 Ea:
973 2029 1087 2083 cod.
1115 2029 1220 2082 2‘25
1250 2029 1470 2113 Ba-roccl.
1502 2031 1690 2099 quiest
1721 2032 1919 2113 Catena
1946 2034 2297 2113 lin‘ps‘aluios,
2325 2040 2413 2113 ad
2458 2039 2794 2113 ista_ps_almi
2830 2058 2883 2094 xl
2917 2044 3070 2097 verba
3103 2061 3119 2097 :
3149 2063 3167 2094 ‹
3196 2043 3575 2113 Dirumpamus

1289 2100 1495 2152 uincula
1519 2117 1716 2153 eorum.
1753 2120 1771 2151 ι
1806 2103 1956 2169 Apud
1989 2102 2151 2157 Grab.
2190 2107 2444 2175 Spicileg.
2476 2125 2531 2176 p.
2569 2100 2691 2164 ΓΜ.

423 2217 498 2270 Οὐ
544 2217 672 2285 περὶ
719 2217 889 2271 ὲθνῶν
921 2217 1230 2287 ἀλλοφύλων
1273 2219 1467 2289 φησιν,
1518 2219 1651 2273 ἀλλὰ
1685 2221 1809 2292 περὶ
1842 2220 1934 2274 τοῦ

354 2309 771 2380 συμφωνοῦντος
815 2313 926 2374 τοῖς
974 2311 1149 2364 ἕονεσι
1201 2311 1339 2364 κατὰ
1386 2311 1446 2364 τὸ
1491 2313 1777 2384 εἰρημένον
1831 2313 1936 2366 ὑπὸ

362 2399 628 2473 Ἰερεμίου
649 2420 662 2432 ·
692 2405 915 2470 Πικρόν
958 2420 1056 2456 σοι
1099 2402 1170 2456 τὸ
1219 2403 1572 2457 καταλιπεῖν
1599 2404 1703 2472 ἐμὲ
1723 2444 1736 2468 ,
1772 2404 1935 2474 λέγει

353 2495 574 2561 Κύριος
605 2496 637 2547 ό
665 2495 810 2559 Θεός
852 2507 999 2558 σου,
1044 2494 1134 2547 ὅτι
1175 2495 1276 2548 ἀπ’
1323 2495 1537 2560 αἰῶνος
1566 2494 1936 2564 συνέτριψας

355 2582 533 2653 ζυγόν
559 2600 696 2648 σου,
733 2585 832 2639 καὶ
863 2585 1175 2654 διέρῤηξας
1210 2587 1350 2653 τοὺς
1381 2588 1643 2658 δεσμούς
1669 2604 1807 2652 σου,
1832 2592 1929 2644 καὶ

343 2671 564 2742 ,εἶπαςο
621 2680 701 2730 Οὐ
737 2677 1048 2731 δουλεύσω
1075 2696 1172 2732 σοι
1193 2717 1208 2742 ,
1239 2680 1399 2734 ἀλλὰ
1435 2682 1802 2750 πορεύσομαι
1831 2683 1930 2735 ἐπὶ

354 2764 481 2820 πᾶν
519 2767 656 2835 ὅρος
685 2770 956 2836 ὐψηλύν,
993 2770 1090 2822 καὶ
1131 2771 1408 2824 ὑποκάτω
1447 2774 1671 2838 παντὸς
1705 2774 1928 2839 ξύλου,

352 2858 456 2912 καὶ
482 2860 610 2913 ἐκεῖ
631 2861 1068 2932 διαλυθήσομαι
1096 2863 1166 2916 ἐν
1187 2863 1260 2932 τῇ
1286 2867 1532 2933 πορνείᾳ
1553 2883 1688 2935 μου.

2114 2221 2231 2277 Non
2261 2223 2327 2278 de
2353 2223 2588 2278 ethnicis
2614 2224 2936 2294 alienigenis
2956 2264 2972 2289 ,
3001 2225 3095 2280 sed
3130 2225 3196 2280 de
3221 2223 3463 2296 (populo)
3494 2238 3620 2278 cum

2042 2316 2296 2385 gentibus
2327 2317 2684 2385 conspirante
2729 2319 3002 2387 loquitur,
3038 2318 3196 2388 juxta
3230 2318 3436 2371 dictum
3469 2316 3621 2383 lere:

2041 2409 2161 2461 mite
2194 2413 2262 2479 (ρ.
2297 2424 2358 2472 tt,
2396 2426 2447 2463 ν.
2485 2409 2605 2478 19);
2643 2409 2904 2462 Amarum
2938 2409 3053 2473 tibi,
3095 2408 3234 2478 quod
3279 2404 3620 2477 dereliqueris

2041 2516 2142 2563 me,
2176 2500 2303 2552 dicit
2333 2499 2593 2553 Dominus
2623 2500 2766 2554 Deus
2793 2510 2936 2563 tuus,
2962 2501 3083 2569 quia
3123 2518 3153 2552 a
3193 2499 3386 2553 swculo
3417 2497 3622 2567 confre—

2034 2592 2367 2661 gistijugum
2389 2603 2557 2656 tuum,
2590 2603 2638 2645 et
2663 2593 2915 2660 dirupisti
2943 2590 3152 2645 vincula
3185 2600 3296 2653 tua,
3318 2600 3369 2644 et
3390 2590 3618 2644 dixisti:

2037 2681 2161 2735 Non
2212 2685 2438 2736 serviam
2479 2683 2608 2752 tibi,
2642 2683 2732 2737 sed
2773 2683 2858 2736 ibo
2899 2682 2968 2735 ad
3008 2699 3212 2735 omnem
3270 2689 3494 2734 montem
3529 2696 3623 2733 ea:-

2035 2773 2233 2827 celsum
2262 2784 2309 2827 et
2338 2775 2520 2828 subter
2549 2791 2700 2828 omne
2758 2775 2958 2845 lignum
2980 2815 2994 2840 ,
3034 2781 3085 2826 et
3132 2773 3205 2826 ibi
3253 2773 3531 2841 diﬂ'undar
3567 2772 3622 2825 in

2038 2865 2392 2934 fornicatione
2415 2884 2550 2920 mea.

441 3028 554 3084 XV.
593 3030 730 3099 (XL)
763 3031 846 3084 Ex
874 3031 990 3082 cod.
1027 3029 1244 3082 Barocc.
1279 3026 1398 3089 MS,
1435 3025 1531 3092 fol.
1559 3024 1685 3086 255,
1713 3031 1762 3076 et
1796 3022 1853 3077 S.
1885 3019 2110 3074 Joannis
2145 3021 2461 3074 Damasceni
2493 3021 2767 3084 l’arallel.,
2805 3041 2858 3091 ρ.
2894 3026 3019 3089 ῧῦῖ,
3061 3025 3310 3095 Spicileg.
3336 3041 3389 3092 p.
3423 3026 3545 3078 175.

429 3145 567 3198 Οῦτε
602 3147 661 3198 τὺ
705 3145 820 3215 φῶς
864 3145 1016 3198 ἔσται
1062 3145 1256 3209 σκότος
1289 3145 1418 3198 ποτὲ
1445 3187 1459 3211 ,
1487 3146 1592 3209 ἕως
1629 3146 1696 3200 ἂν
1792 3143 1908 3214 φῶς
1928 3185 1942 3210 ,

2118 3142 2231 3199 Nec
2263 3145 2352 3198 lux
2381 3159 2620 3214 unquam
2650 3144 2825 3214 caligo
2849 3143 2972 3206 erit,
3004 3142 3261 3212 quamdiu
3292 3141 3383 3194 lux
3417 3139 3620 3194 fuerit:

355 3236 480 3290 οὗτε
522 3240 555 3307 ἡ
593 3237 700 3290 τῶν
755 3238 884 3307 παρ’
933 3240 1063 3308 ἡμῖν
1112 3238 1451 3308 πραγμάτων
1499 3237 1938 3308 διελεγχθήσεται

358 3329 606 3400 ἀλήθεια.
647 3329 896 3400 Ἀλήθεια
923 3332 1031 3400 γάρ
1060 3331 1176 3382 ἐστι
1195 3347 1206 3358 ·
1235 3329 1438 3399 ταύτης
1471 3330 1820 3401 ἰσχυρότερον
1845 3331 1938 3382 ού-

351 3423 467 3475 δέν.
503 3424 617 3486 Πᾶς
644 3423 672 3473 ὁ
703 3423 996 3492 δυνάμενος
1030 3421 1139 3492 (59)
1181 3421 1360 3490 λέγειν
1399 3421 1495 3493 τὴν
1525 3421 1777 3492 ἀλήθειαν
1799 3460 1816 3489 ,
1847 3421 1940 3474 καὶ

363 3517 438 3589 μὴ
469 3516 663 3584 λέγων,
699 3513 1017 3586 κριθήσεται
1051 3513 1158 3567 ὑπὸ
1185 3513 1279 3566 τοῦ
1310 3513 1467 3567 Θεοῦ.

2041 3253 2146 3292 nec
2174 3253 2356 3292 rerum
2400 3249 2714 3292 nostrarum
2747 3239 2948 3292 veritas
2980 3249 3212 3305 usquam
3244 3234 3366 3288 falsi
3395 3235 3622 3287 convin-

2043 3337 2216 3384 cetur.
2249 3329 2464 3384 Veritas
2490 3331 2634 3384 enim
2667 3340 2779 3393 est,
2810 3344 2917 3398 qua
2958 3327 3094 3382 nihil
3121 3326 3319 3380 fortius
3359 3341 3481 3380 esse
3526 3340 3624 3394 po-

2040 3429 2174 3477 test.
2206 3421 2469 3492 Quisquis
2495 3437 2618 3476 cum
2648 3421 2929 3476 veritatem
2963 3420 3147 3474 dicere
3193 3424 3374 3489 queat,
3403 3432 3512 3470 non
3541 3415 3626 3468 di.

2045 3514 2141 3579 cit,
2178 3528 2208 3567 a
2233 3513 2344 3569 Deo
2368 3514 2844 3569 condemnabitur.

407 3675 550 3730 xw,
587 3676 670 3728 El;
704 3675 974 3728 Αηαειαδξξ
1003 3671 1090 3724 lib,
1131 3687 1200 3725 vu
1242 3657 2234 3738 Auagogicarutnﬁontgnplatiouum
2263 3654 2336 3738 .iu
2393 3651 2790 3738 llestreiiierou,
2818 3647 2935 3702 cod.
2971 3647 3094 3700 159.
3119 3646 3298 3700 Ms.in
3330 3643 3582 3698 Biblioth.

1409 3721 1630 3804 C'ouega
1666 3729 1825 3784 Novi.
1857 3721 2112 3797 Spicileg.
2143 3721 2332 3780 Grab..
2369 3739 2421 3781 υ,
2453 3722 2575 3775 495.

429 3873 542 3927 Kal.
589 3871 650 3924 τὸ
702 3871 775 3942 μὴ
817 3869 1028 3924 κεῖσθαι
1078 3869 1134 3921 δὲ
1167 3868 1259 3921 ἐπὶ
1291 3867 1390 3938 τῆς
1442 3866 1678 3935 ἑϐδόμης
1730 3864 1940 3936 ἡμέρας

361 3965 485 4018 κατ’
519 3964 740 4034 ἰσότητα
779 3962 888 4016 τῶν
931 3961 1106 4017 ἄλλων
1144 3960 1362 4032 ἡμερῶν
1405 3960 1498 4023 τὸ,
1541 3959 1652 4011 Καὶ
1703 3958 1940 4026 ἐγένετο

352 4056 592 4123 ἑσπέρα
620 4055 716 4108 καὶ
746 4053 982 4124 ἐγένετο
1016 4054 1198 4121 πρωῒ,
1232 4052 1294 4105 σύ
1305 4051 1496 4122 μεολόν
1525 4053 1674 4103 ἐστιν
1713 4051 1940 4121 ἐναργὲς

355 4147 463 4216 τῆς
499 4149 556 4198 ὲν
584 4145 721 4214 αὐτῇ
751 4144 1051 4214 γενομένης
1081 4141 1389 4204 συντελείας
1421 4141 1525 4210 πρὸ
1557 4139 1654 4209 τῆς
1695 4139 1944 4208 συμπλη-

361 4238 585 4311 ρώσεως
612 4239 798 4308 αὐτῆς,
834 4235 909 4300 ὥς
938 4253 1100 4305 φασιν
1126 4237 1173 4288 οἱ
1209 4234 1442 4304 πατέρες
1463 4273 1478 4297 ,
1510 4234 1605 4286 καὶ
1637 4232 1868 4303 μάλιστα
1891 4233 1941 4284 οἱ

361 4333 496 4402 περὶ
525 4331 617 4384 τὸν
647 4331 790 4400 ἱερὸν
815 4328 1107 4397 Κλήμεντα
1137 4327 1231 4379 καὶ
1264 4327 1576 4397 Εἰρηναῖον,
1601 4325 1691 4377 καὶ
1725 4325 1945 4376 Ἰουστῖ-

363 4442 455 4480 νον
486 4424 578 4477 τὸν
611 4425 858 4494 μάρτυρα
885 4423 977 4474 καὶ
1009 4420 1313 4489 φιλόσοφον.
1353 4419 1501 4481 ὅστις
1525 4417 1645 4469 λίαν
1676 4433 1736 4468 τε
1771 4417 1941 4486 ὑπερ-

369 4516 550 4585 σόφως
580 4517 658 4577 εἰς
680 4515 770 4567 τὸν
801 4513 958 4566 ἕκτον
992 4509 1453 4580 ύπομνηματίζων
1485 4507 1585 4577 τῆς
1617 4507 1781 4576 ἕκτης
1813 4505 1949 4576 ἡμέ-

370 4625 471 4678 ρας
499 4605 763 4677 ἀριθμὸν,
793 4604 890 4674 τὴν
923 4601 1118 4674 νοερὰν
1153 4599 1441 4672 ἀνθρώπου
1483 4598 1658 4668 ψυχὴν
1682 4637 1696 4661 ,
1725 4597 1818 4650 καὶ
1849 4596 1948 4660 τὰς

367 4697 530 4751 πέντε
564 4694 726 4748 αὐτοῦ
770 4693 1088 4763 αἱσθητικὰς
1115 4691 1392 4761 αἰσθήσεις
1423 4688 1568 4756 λέγει
1604 4688 1712 4758 γὰρ
1751 4687 1858 4756 (60)
1891 4686 1951 4751 ἒξ

441 4852 551 4934 (5⁷)
577 4851 878 4934 ’Ὧςφαῖεο
916 4848 1156 4906 αθηιίιεε
1189 4843 1947 4934 enucleari:Aegistbe:

367 4915 465 4994 qui
502 4915 820 4992 q'uwrebant
867 4937 966 4974 ciir
1010 4935 1118 4994 non
1161 4917 1344 4987 potius
1388 4915 1692 4994 voluntatis
1724 4916 1952 4994 imperio

367 4984 536 5064 quam
569 5007 797 5064 corpore
821 4984 1585 5064 assumendacorruptionem
1633 4984 1952 5064 Qhristusna

374 5054 539 5118 nobis
566 5054 984 5132 propulsaverit.
1018 5057 1362 5132 Minus__scite
1383 5054 1628 5132 _Grabius
1657 5054 1745 5106 hic
1777 5054 1951 5132 refelli

372 5125 634 5203 Opinatus
667 5125 769 5203 Test
826 5133 1122 5203 opinionem
1172 5127 1456 5203 Platonis,
1504 5125 1953 5203 incorruptionem

377 5193 561 5256 mundi
590 5210 638 5255 et
662 5193 1122 5254 immortalitatem
1160 5198 1461 5249 animarum
1493 5193 1648 5247 nuda:
1691 5195 1953 5247 voluntati

376 5273 476 5326 Dei
506 5271 864 5325 attribuentis.
892 5268 1192 5324 Euiendata
1225 5266 1369 5319 illius
1399 5265 1798 5331 interpretatio,
1824 5263 1950 5318 Si...

376 5353 598 5396 mortem
624 5351 860 5394 nostram
895 5341 1101 5405 avertit,
1135 5354 1239 5390 non
1263 5338 1480 5388 accessit
1511 5334 1717 5402 quidem
1747 5342 1957 5402 propter

379 5415 703 5468 voluntatem
734 5427 898 5464 mors.

452 5483 806 5552 (58)Ὢσπερ
851 5479 1019 5552 πᾶσι.
1071 5475 1288 5552 Similes
1319 5474 1958 5552 sententiaeoccurrunt

381 5544 527 5622 saepe
547 5544 702 5620 'apud
732 5544 1006 5622 Iustinum
1033 5588 1046 5610 ,
1094 5547 1186 5622 ubi
1213 5545 1289 5622 _de
1319 5545 1493 5622 libero
1521 5545 1749 5622 arbitrio
1780 5544 1958 5616 loqui-

381 5614 478 5676 tur
494 5638 510 5687 ;
558 5614 612 5674 ai
641 5621 832 5674 nullihi
867 5620 1063 5688 legitur
1091 5616 1315 5670 totidem
1335 5615 1524 5688 verbis
1554 5615 1656 5666 hoc
1686 5614 1959 5688 fragm—en-

383 5681 527 5750 tum.
588 5690 806 5745 Initium
838 5681 1116 5761 Apologia:
1145 5684 1431 5753 secundae,
1484 5684 1540 5738 in
1575 5699 1684 5755 quo
1709 5681 1960 5739 Justinus

2123 3863 2186 3916 Et
2216 3863 2361 3933 quod
2390 3863 2445 3916 in
2482 3861 2714 3932 septimo
2743 3861 2832 3916 die
2865 3876 2972 3914 non
3003 3874 3157 3928 atque
3181 3873 3241 3911 ac
3274 3857 3328 3910 in
3357 3855 3478 3910 aliis
3509 3853 3624 3907 die-

2048 3955 2152 4009 bus
2198 3954 2403 4008 dictum
2437 3954 2542 4019 sit,
2573 3953 2641 4006 Et
2681 3954 2885 4022 factum
2916 3961 2992 4006 est
3021 3967 3198 4020 vesper
3243 3959 3291 4004 et
3321 3963 3472 4001 mane
3511 3946 3622 3998 dies

2047 4063 2206 4111 unus,
2251 4053 2335 4100 est
2364 4046 2589 4100 evidens
2621 4045 2837 4115 signum
2871 4046 3012 4113 ejus,
3036 4059 3157 4114 qua:
3186 4044 3238 4096 in
3272 4042 3410 4111 ipso,
3443 4039 3626 4109 prius-

2048 4153 2210 4208 quam
2244 4136 2514 4201 ﬁniretur,
2559 4136 2702 4190 facta
2748 4143 2872 4201 est,
2919 4130 3448 4193 consummationis,
3481 4128 3626 4182 sicut

2049 4229 2240 4283 dicunt
2283 4229 2460 4284 sancti
2496 4236 2710 4298 patres,
2742 4228 2978 4281 maxime
3023 4225 3079 4282 S.
3126 4224 3406 4284 Clemens,
3437 4228 3488 4274 et
3516 4217 3626 4271 Ire-

2051 4334 2202 4373 naius
2225 4359 2240 4385 ,
2273 4328 2327 4373 et
2364 4317 2615 4374 Justinus
2645 4325 2851 4385 martyr
2901 4323 3065 4384 atque
3110 4311 3466 4382 phi1050phus
3487 4349 3500 4371 ,
3530 4307 3627 4376 qui

2050 4411 2456 4480 sapientissime
2485 4411 2540 4464 in
2571 4417 2784 4465 sextum
2816 4418 2985 4463 sextae
3007 4407 3115 4462 diei
3147 4417 3434 4458 numerum
3465 4398 3630 4469 599

2049 4510 2427 4556 commentans
2454 4543 2468 4567 ,
2500 4502 2577 4556 ait
2610 4500 3003 4570 intelligentem
3036 4496 3274 4552 hominis
3305 4497 3547 4548 animam
3573 4495 3630 4543 et

2051 4593 2292 4663 quinque
2324 4593 2444 4662 ejus
2477 4592 2773 4648 sentientes
2805 4605 3000 4646 sensus
3033 4603 3156 4644 esse
3187 4602 3280 4642 sex
3313 4592 3480 4640 sextae
3516 4580 3628 4634 diei

2052 4699 2240 4750 opera.
2274 4683 2429 4739 Unde
2454 4685 2619 4739 etiam
2649 4699 2773 4738 cum
2795 4683 2966 4736 multa
2997 4678 3350 4735 disseruisset
3374 4675 3442 4730 de
3471 4680 3628 4730 sexto

2053 4857 2251 4912 magno
2310 4843 2478 4897 animi
2511 4842 2708 4896 ardore
2743 4839 2949 4904 fertur,
2979 4837 3429 4912 retardareturet
3459 4831 3632 4912 impe-

2053 4900 2284 4972 dirétur,
2319 4914 2366 4967 si
2393 4928 2458 4968 eo
2487 4914 2883 4975 insererentur,
2917 4900 2977 4962 ut
3010 4907 3216 4979 placuit
3243 4905 3460 4960 erudito
3491 4900 3630 4956 Gra-

2054 4985 2166 5043 bio,
2193 4983 2358 5052 hujus
2386 4983 2674 5052 fragmenti
2703 4982 2888 5035 verba.

2127 5042 2399 5124 (59)Ἰ1ᾶς
2436 5042 2851 5124 όνδυτζάμενος.
2901 5047 3002 5102 llic
3036 5046 3238 5124 incipit
3285 5042 3432 5098 aliud
3483 5042 3632 5124 frag:

2055 5113 2317 5195 mentum
2367 5113 2544 5195 apud
2584 5113 2668 5195 S_.'_
2703 5113 3450 5195 JoaiinemuDaniascenum,
3488 5113 3633 5183 quod

2057 5194 2276 5262 quidem
2307 5187 2507 5261 legitur
2533 5193 2586 5244 in
2611 5191 2854 5262 Dialogo,
2882 5206 2927 5262 n
2966 5187 3059 5240 82.
3090 5187 3155 5239 At
3179 5187 3464 5262 superiora
3488 5199 3630 5262 nus-

2056 5251 2219 5332 quam
2248 5251 3091 5334 reperiunturapudjustinum,
3131 5251 3265 5320 nec;
3295 5255 3502 5334 si'sunt
3531 5251 3633 5306 Ju-

2058 5328 2502 5406 stini,_videntur
2531 5328 2713 5406 eideul
2737 5329 2945 5406 Dialogi
2985 5328 3442 5406 loconconvenire'.
3501 5386 3521 5406 τ

2130 5403 2240 5473 (60)
2291 5403 2462 5469 Λέγει
2500 5401 2630 5473 γάρ.
2675 5398 2835 5473 Forte
2863 5393 3018 5473 illive:
3057 5394 3322 5462 γίνεσθαι,
3352 5393 3436 5473 vel
3473 5393 3630 5443 εἶναι.

2059 5467 2175 5526 Hoc
2199 5467 2559 5544 fragmentum
2585 5467 3194 5544 Grabiusdesumptum
3217 5471 3369 5544 putat
3389 5478 3452 5544 ex
3481 5477 3634 5544 COIII:

2061 5531 2328 5596 mentarib
2361 5539 2419 5596 S.
2457 5539 2659 5594 Justini
2705 5539 2760 5592 in
2811 5531 3321 5592 llexaemeroant
3365 5531 3636 5600 ejusmodi

2060 5627 2198 5680 OpllS
2226 5627 2386 5666 nemo
2417 5611 2660 5665 attribuit
2701 5607 2943 5682 Justino,
2965 5621 3065 5682 nec
3091 5605 3208 5682 ipse
3243 5598 3460 5682 quidem
3492 5598 3637 5682 Ana—

2062 5673 2286 5751 stasius,
2333 5682 2426 5753 qui
2457 5681 2560 5736 hoc
2593 5685 2802 5735 tantum
2837 5678 2972 5736 dicit
3004 5673 3280 5730 Justinum
3327 5673 3636 5743 disputasse
