3974 6256
368 366 511 427 1599

1644 363 1986 426 APPENDIX
2023 399 2093 410 -—
2122 359 2307 426 PARS
2346 367 2412 426 II.

3507 362 3651 424 I600

368 504 621 553 numero,
664 478 799 544 dicit
842 486 1027 543 omnia
1073 492 1197 557 qua:
1238 496 1269 541 a
1307 474 1421 542 Deo
1468 493 1601 544 sunt
1654 455 1946 553 fabricata,

2071 480 2187 555 ἔργα
2213 484 2310 554 τῆς
2344 483 2513 554 ἕκτης
2541 482 2773 554 ἡμέρας.
2803 483 2964 538 Ὅθεν
3009 482 3104 537 xui
3151 483 3322 538 πολλὰ
3360 483 3651 549 διεξελθὼν

364 582 752 653 seswpliciter
779 579 985 646 dividi;
1031 579 1087 633 in
1122 590 1212 635 res
1251 578 1619 649 intelligentes
1649 584 1703 634 et
1730 578 1960 633 immor-

2071 577 2193 647 περὶ
2224 574 2319 627 τοῦ
2342 574 2502 628 ἕκτου
2532 574 2787 645 ἀριθμοῦ,
2814 575 2990 627 πάντα
3019 576 3154 647 φησὶ
3170 576 3240 629 τὰ
3261 575 3369 630 ὑπὸ
3395 577 3536 631 Θεοῦ
3556 579 3654 649 δη-

365 675 529 739 tales,
582 672 892 743 cujusmodi
957 678 1090 726 sunt
1136 671 1347 741 angeli;
1400 679 1457 725 et
1504 671 1559 724 in
1599 685 1690 725 res
1742 669 1956 725 ratione

364 767 625 839 praeditas
656 765 914 820 mortales
937 804 953 828 .
975 763 1287 833 cujusmodi
1330 769 1460 818 sunt
1501 762 1785 829 homines;
1818 769 1876 816 et
1897 763 1953 817 in

366 873 459 913 res
501 857 801 913 sentientes
846 855 1079 910 rationis
1128 863 1418 924 expertes,
1467 854 1779 923 cujusmodi
1823 861 1954 909 sunt

360 937 632 1018 iumenta,
656 950 709 1003 et
732 948 985 1002 volucres
1010 954 1065 1002 et
1093 948 1310 1018 pisces;
1337 956 1393 1003 et
1420 947 1475 1001 in
1506 963 1593 1003 res
1619 947 1953 1017 prodeuntes

364 1051 648 1098 moventes
694 1050 749 1097 et
783 1043 1113 1105 insensiles,
1163 1040 1475 1110 cujusmodi
1520 1048 1651 1095 sunt
1699 1041 1847 1096 venti
1898 1049 1952 1096 et

363 1134 578 1189 nebulae
602 1174 615 1197 ,
660 1141 713 1188 et
745 1148 901 1204 aqua:
924 1176 939 1201 ,
971 1142 1024 1188 et
1054 1133 1261 1200 stella;
1290 1139 1346 1187 et
1379 1133 1433 1186 in
1464 1148 1555 1188 res
1594 1148 1716 1203 qua:
1747 1149 1953 1202 augen-

366 1234 475 1290 tur,
518 1232 747 1295 quaeque
786 1240 896 1279 non
930 1229 1245 1287 moventur,
1275 1222 1585 1291 cujusmodi
1631 1233 1758 1279 sunt
1797 1226 1957 1281 arbo-

362 1331 487 1384 res;
539 1326 593 1373 et
640 1318 696 1371 in
742 1332 833 1372 res
872 1316 1200 1379 insensiles,
1234 1330 1356 1385 qua;
1387 1330 1499 1370 non
1530 1324 1845 1383 moventur,
1887 1325 1956 1373 ut

363 1418 496 1467 sunt
539 1417 755 1466 montes
794 1416 849 1464 et
895 1416 1084 1476 terra;
1128 1416 1185 1462 et
1237 1406 1345 1461 alia
1394 1408 1690 1477 ejusmodi.
1745 1407 1950 1467 Omnes

354 1502 510 1556 enim
541 1507 806 1555 creaturae
830 1497 925 1555 Dei
957 1499 1015 1555 in
1063 1498 1205 1555 caalo
1239 1506 1292 1553 et
1318 1506 1470 1553 terra
1519 1498 1624 1554 sub
1654 1514 1818 1553 unam
1848 1498 1949 1553 ba-

357 1606 488 1647 rum
521 1590 852 1647 divisionum
879 1589 1122 1660 cadunt,
1157 1590 1339 1661 iisque
1386 1588 1944 1645 circumscribuntur.

2065 665 2463 738 μιουργηθέντα
2485 660 2693 735 ἐξαχῶς
2710 665 3030 735 διαιρεῖσθαι
3045 682 3057 696 ⁸
3076 668 3357 721 τουτέστιν
3376 669 3458 731 είς
3484 670 3651 741 νοερὰ

2060 760 2153 812 καὶ
2181 758 2425 812 ἀθάνατα
2448 797 2462 820 ,
2498 752 2601 809 οἷοί
2634 759 2772 809 εἰσιν
2801 758 2851 809 oi
2897 756 3149 826 ἄγγελοι⁸
3183 760 3279 813 καὶ
3322 761 3403 824 είς
3452 759 3651 829 λογικὰ

2059 849 2248 919 θνητά,
2283 840 2476 911 οἴτινὲς
2506 849 2641 900 εἰσιν
2670 846 2721 899 οἱ
2763 846 3037 919 ἄνθρωποι
3059 864 3073 878 ·
3119 848 3211 901 καὶ
3242 852 3323 913 είς
3350 849 3651 921 αἰσθητικά

2053 940 2256 1009 ἄλογα,
2288 937 2378 994 οἷά
2426 942 2533 992 εἱσι
2573 938 2642 992 τὰ
2678 939 2882 1010 κτήνη,
2934 940 3027 992 xui
3063 940 3131 993 τὰ
3166 942 3420 1007 πετεινά,
3456 960 3555 996 και
3597 945 3651 996 οἱ

2057 1027 2237 1105 ίχθῦες
2257 1051 2270 1063 ·
2314 1028 2408 1087 xui
2440 1033 2519 1095 είς
2550 1029 2856 1101 ὲκπορευτὲι
2902 1030 3271 1100 μεταστατικὰ
3303 1026 3608 1103 ἀναίσθητα
3631 1074 3647 1098 ,

2050 1123 2142 1180 οἷά
2182 1128 2319 1179 εἰσιν
2352 1120 2401 1177 oi
2436 1123 2628 1193 ἄνεμοι
2682 1121 2776 1174 xui
2809 1122 2865 1173 αἱ
2915 1121 3169 1189 νεφέλαι,
3216 1121 3310 1175 καί
3340 1123 3409 1176 τὰ
3444 1122 3647 1189 ὕδατα,

2053 1220 2149 1273 xui
2191 1221 2239 1271 oi
2288 1219 2522 1290 ἀστέρες
2546 1234 2559 1247 ·
2599 1216 2695 1269 xui
2724 1217 2804 1277 εἰς
2836 1212 3105 1283 αὑξητικὰ
3139 1213 3525 1284 ἀμετάστατα,
3561 1207 3653 1269 οἷά

2053 1313 2159 1364 είσι
2192 1309 2259 1364 τά
2289 1304 2485 1382 δένδρα
2514 1325 2529 1339 ⁸
2559 1309 2654 1362 xui
2688 1309 2768 1371 είς
2801 1305 3102 1377 ἀναίσθητα
3138 1305 3526 1377 ἀμετάστατα,
3560 1301 3655 1361 οἷά

2052 1403 2160 1455 είσι
2188 1404 2255 1456 τά
2283 1402 2383 1474 ὅρη
2410 1403 2504 1455 xui
2530 1402 2563 1471 ἡ
2597 1399 2693 1470 γῆ,
2730 1398 2824 1452 xui
2849 1397 2922 1451 τὰ
2943 1397 3185 1451 τοιαῦτα.
3215 1398 3401 1453 Πάντα
3438 1400 3552 1471 γάρ
3581 1400 3655 1453 τὰ

2054 1498 2328 1569 κτίσματα
2373 1494 2469 1548 τοῦ
2523 1493 2681 1557 Θεοῦ,
2735 1494 2794 1545 ὲν
2822 1492 3035 1565 οὐρανῷ
3065 1493 3159 1546 xui
3206 1493 3297 1546 ἐπὶ
3339 1494 3468 1565 γῆς,
3523 1498 3658 1565 μιᾶς

2052 1602 2199 1653 τινος
2226 1588 2433 1642 τούτων
2464 1585 2573 1640 τῶν
2603 1583 2663 1650 ἒξ
2694 1582 2988 1639 διαπολῶν
3018 1584 3249 1640 ἅπτεται
3272 1626 3288 1651 ,
3338 1587 3435 1640 xui
3461 1588 3519 1639 ὲν
3552 1587 3655 1640 αὺ-

2051 1684 2177 1746 ταῖς
2204 1678 2585 1753 περιώρισται.

1253 1795 1418 1854 XVII.
1450 1793 1611 1865 (ΧΠ.)
1641 1794 1725 1850 Ex
1754 1794 2073 1855 Damasteni
2102 1798 2193 1855 lib.
2229 1816 2247 1856 ι
2277 1796 2527 1860 Parallel.
2559 1819 2612 1872 p.
2646 1805 2771 1863 565.

430 1906 692 1965 Doctrina
724 1921 859 1964 sana
896 1911 965 1969 ad
996 1904 1193 1962 durum
1217 1913 1271 1962 et
1293 1914 1678 1961 contumacem
1707 1907 1950 1966 animum

2123 1912 2267 1985 Πρὸς
2292 1911 2533 1984 σκληρὰν
2556 1910 2653 1964 xui
2684 1910 2887 1983 ἀπειθῆ
2924 1911 3153 1983 καρδίαν
3176 1911 3334 1984 λόγος
3359 1913 3523 1987 ὑγιὴς
3545 1914 3651 1968 οὐκ

357 2003 591 2060 minime
639 2002 967 2075 ingreditur,
1026 2001 1124 2059 sed
1175 2009 1438 2073 tanquam
1484 2000 1833 2057 rcverberata
1884 2002 1954 2057 ad

358 2097 602 2169 ‘seipsam
633 2094 951 2151 revertitur.

2051 2002 2383 2075 είσὲρχεται,
2418 2001 2536 2056 ἀλλ’
2569 2000 2766 2073 ὥσπερ
2802 2003 3266 2077 ἀντιτυπούμενος
3311 2008 3393 2071 είς
3450 2006 3659 2079 ἑαυτὴν

2050 2095 2442 2167 ἐπανέρχεται»

1528 2211 1708 2268 XVIII.
1749 2210 1936 2285 (XIII.)
1971 2212 2118 2272 Ibid.
2157 2234 2278 2287 pag.
2307 2220 2430 2276 598.

436 2310 508 2368 Ut
538 2311 790 2383 corporis
835 2312 1041 2367 bonum
1086 2319 1172 2367 est
1200 2312 1446 2378 sanitas,
1498 2312 1581 2368 sic
1623 2318 1824 2368 animae
1855 2313 1958 2368 bo-

358 2412 495 2459 num
539 2410 624 2459 est
681 2402 779 2457 Dei
822 2402 1085 2473 cognitio,
1117 2417 1240 2472 qua:
1288 2402 1436 2456 velut
1482 2402 1735 2472 quaedam
1784 2404 1951 2458 animi

357 2496 575 2551 sanitas
596 2502 702 2562 est,
730 2510 828 2566 per
849 2508 1015 2565 quam
1036 2493 1221 2548 divina
1248 2493 1556 2549 similitudo
1573 2506 1947 2566 comparatur.

2134 2314 2227 2379 Ὦς
2258 2308 2314 2369 δὲ
2339 2315 2594 2389 σώματος
2628 2319 2835 2389 ἀγαθὸν
2870 2318 3047 2388 ὑγεία,
3076 2312 3219 2371 οὕτω
3240 2316 3420 2387 ψυχῆς
3446 2314 3658 2382 ἀγαθὸν

2055 2407 2275 2476 γνῶσις,
2315 2408 2471 2477 ὑγεία
2517 2428 2603 2475 τις
2649 2408 2786 2466 οὖσα
2834 2411 3036 2481 ψυχῆς,
3092 2408 3212 2463 καθ’
3242 2409 3308 2479 ἣν
3344 2405 3485 2479 πρὸς
3519 2405 3659 2458 Θεὸν

2054 2499 2314 2569 ὁμοίωσις
2338 2501 2568 2569 γίνεται.

807 2614 946 2668 XIX.
991 2612 1175 2681 (ΧΙΧ.)
1212 2612 1331 2667 XX.
1374 2612 1536 2682 (ΧΧ.)
1579 2612 1645 2668 In
1686 2616 1905 2669 Antonii
1945 2615 2180 2672 Melissa:
2210 2618 2305 2671 lib.
2336 2632 2375 2683 ι,
2419 2617 2594 2673 Serm.
2628 2613 2717 2669 l9.
2747 2608 3001 2681 Spicileg.
3030 2620 3083 2675 p.
3117 2595 3240 2660 I97.

430 2726 809 2782 Succumbere
825 2734 879 2781 et
901 2726 1081 2782 locum
1098 2724 1229 2781 dare
1266 2724 1557 2783 affectibus
1586 2735 1831 2783 extrema
1864 2736 1951 2785 est

353 2818 603 2874 servitus
635 2834 647 2869 :
682 2816 1143 2888 quemadmodum
1166 2817 1235 2873 iis
1252 2818 1528 2873 dominari
1551 2820 1667 2873 sola
1697 2820 1944 2875 libertas.

431 2911 729 2967 Maximum
762 2924 954 2966 revera
983 2910 1187 2965 bonum
1222 2918 1307 2967 est
1347 2925 1459 2965 non
1510 2926 1780 2980 peccare;
1824 2919 1949 2982 post

356 3003 469 3061 hoc
523 3003 729 3058 bonum
781 3009 869 3057 est
916 3015 1078 3071 poena
1122 2998 1453 3055 emendari:
1517 3007 1574 3053 at
1622 3002 1715 3070 qui
1774 3001 1949 3055 multo

2126 2732 2200 2785 Τὸ
2221 2733 2516 2787 ὑποπεσεῖν
2534 2735 2627 2789 xui
2648 2736 3051 2806 παραχωρῆσαι
3068 2737 3183 2799 τοῖς
3201 2735 3432 2797 πάθεσιν
3444 2734 3657 2806 ἐσχάτη

2052 2822 2264 2877 δουλεία
2287 2842 2301 2855 ο
2330 2825 2521 2898 ὥσπερ
2545 2827 2607 2880 τὸ
2642 2830 2867 2898 κρατεῖν
2894 2826 3099 2880 τούτων
3126 2826 3408 2898 ἐλευθερία
3446 2826 3609 2897 μόνη.

2125 2916 2399 2984 Μεγίστου
2432 2918 2584 2981 ὄντος
2611 2916 2820 2987 ἀγαθοῦ
2854 2918 2916 2971 τὸ
2946 2918 3018 2989 μὴ
3063 2918 3423 2990 ἁμαρτάνειν,
3466 2919 3657 2971 δεύτε-

2056 3019 2149 3074 ρον
2193 3006 2395 3073 ἀγαθὸν
2440 3007 2501 3060 τὸ
2534 3007 2921 3081 δικαιωθῆναι·
2972 3009 3120 3072 ὅστις
3152 3010 3208 3062 δὲ
3258 3009 3425 3065 πολὺν
3461 3009 3654 3079 χρόνον

355 3106 613 3168 tempore
646 3096 833 3165 inique
869 3108 1035 3165 agens
1073 3092 1374 3165 impunitus
1413 3101 1631 3159 manet,
1670 3092 1818 3149 hunc
1850 3109 1950 3166 par

2071 3095 2260 3150 Ξιδικῶν
2284 3098 2582 3163 ἀκόλαστος
2607 3100 2783 3171 μένει,
2811 3100 3001 3155 τοῦτον
3028 3100 3110 3155 δεῖ
3131 3101 3371 3173 νομίζειν
3398 3102 3489 3156 τδν
3518 3104 3653 3157 ἀτυ-

356 3198 448 3246 est
476 3195 735 3260 reputare
765 3184 1232 3242 infelicissimum.

2055 3189 2336 3259 χέστατον.

1287 3293 1427 3348 XXI.
1470 3294 1658 3364 (XXI.)
1694 3292 1760 3346 In
1798 3293 2031 3362 ejusdem
2060 3292 2290 3348 Melissa‘
2313 3294 2404 3351 lib.
2443 3309 2502 3359 tt,
2533 3311 2651 3366 cap.
2681 3295 2743 3352 ϐ.

432 3392 673 3453 Necesse
695 3405 781 3452 est
814 3394 1088 3468 imperitia
1126 3401 1182 3450 et
1210 3393 1420 3448 malitia
1455 3393 1659 3464 aurigae
1688 3395 1950 3466 subjuga-

357 3489 445 3546 les
486 3504 583 3562 per
611 3489 914 3561 praecipitia
949 3488 1080 3545 ferri
1105 3529 1123 3556 ,
1172 3485 1633 3559 quemadmodum
1670 3488 1863 3558 peritia
1895 3495 1950 3543 et

362 3578 567 3632 virtute
598 3576 941 3633 conservari.

2140 3397 2376 3471 Ἀνάγκη
2407 3399 2633 3472 ἀπειρίᾳ
2674 3401 2769 3453 xui
2808 3400 2979 3471 κακίᾳ
3008 3400 3228 3471 ἡνιόχου
3267 3399 3343 3453 τά
3379 3400 3657 3464 ὕπεζευῖυ

2059 3486 2199 3558 μένα
2232 3490 2373 3543 κατὰ
2405 3492 2665 3563 κρημνῶν
2696 3494 2981 3566 φέρεσθαι,
3013 3493 3204 3565 ὥσπερ
3252 3494 3521 3565 ἐμπειρία
3556 3495 3655 3547 καὶ

2056 3580 2228 3651 ἀρετῇ
2260 3582 2642 3648 διασώζεσθαι.

1644 3684 1806 3741 XXII.
1841 3686 2057 3760 (X.{II.)
2091 3690 2159 3743 Et
2199 3708 2315 3761 cap.
2355 3696 2445 3751 45.

437 3789 592 3846 Finis
618 3787 1029 3861 phil030phanti
1047 3795 1151 3853 est,
1182 3786 1316 3854 Deo,
1349 3784 1532 3859 quoad
1556 3786 1678 3858 ejus
1709 3785 1825 3842 ﬁeri
1848 3800 1950 3856 po-

360 3892 497 3948 test,
522 3884 840 3941 assimilari.

2130 3791 2298 3856 Τέλος
2326 3792 2404 3864 τῷ
2428 3789 2805 3864 φιλοσοφοῦντι
2829 3798 2862 3867 ἡ
2894 3796 3032 3867 πρὸς
3058 3795 3191 3851 Θεὸν
3222 3797 3485 3867 ὁμοίωσις
3512 3798 3657 3851 κατὰ

2055 3879 2116 3932 τὸ
2149 3881 2396 3936 δυνατόν.

1013 3990 1200 4051 XXIII.
1254 3995 1465 4069 (ΧῪΠ.)
1506 3997 1590 4052 Ea:
1626 3996 1910 4053 Parallelis
1948 3993 2009 4052 S.
2055 3994 2284 4049 Joannis
2326 3995 2666 4064 Damasceni,
2707 4016 2761 4069 p.
2804 4001 2927 4057 754.

437 4092 627 4150 Sancti
667 4094 869 4151 Justini
919 4096 1229 4168 philosophi
1280 4105 1334 4152 et
1364 4096 1622 4168 martyris
1674 4112 1742 4152 ex
1793 4103 1949 4167 parte

2124 4097 2231 4150 Τοῦ
2266 4098 2424 4167 ἁγίου
2470 4098 2755 4152 ἰονστίνου
2799 4097 3092 4169 φιλοσόφου
3136 4099 3231 4151 xui
3272 4099 3557 4170 μάρτυρος
3588 4102 3655 4154 ἐκ

356 4189 557 4260 quinta
610 4190 787 4259 ipsius
836 4191 1131 4262 Apologize.
1186 4191 1331 4247 Bene
1371 4193 1554 4248 valere
1604 4192 1743 4247 nihil
1789 4193 1945 4247 aliud

2071 4187 2145 4242 τοῦ
2172 4196 2207 4242 ε’
2238 4190 2433 4261 μέρους
2459 4189 2569 4259 (61)
2599 4190 2698 4260 τῆς
2732 4190 3049 4258 Ἀπολογίας
3072 4188 3256 4242 αὑτοῦ.
3280 4191 3356 4242 Τὸ
3384 4186 3444 4242 εὖ
3478 4190 3654 4260 πράτ-

358 4293 490 4333 esse
524 4279 796 4344 arbitror,
826 4281 953 4343 viri,
998 4280 1102 4335 nisi
1147 4295 1214 4335 ex
1265 4281 1513 4335 veritatis
1554 4288 1828 4352 praecepto
1862 4281 1948 4336 vi-

2071 4300 2165 4335 :sw
2196 4282 2459 4353 ἡγοῦμαι,
2490 4277 2535 4335 ὦ
2574 4284 2785 4355 ἄνδρες,
2811 4284 2911 4336 οὐκ
2940 4283 3067 4336 ἄλλο
3101 4300 3152 4335 τι
3188 4280 3325 4336 εἶναι
3355 4286 3387 4353 ἦ
3423 4283 3487 4335 τὸ
3508 4284 3656 4336 κατὰ

361 4382 512 4423 vere.
545 4369 690 4425 Bene
718 4381 898 4426 autem
927 4378 981 4426 et
1012 4370 1314 4427 secundum
1344 4372 1629 4428 veritatem
1662 4388 1775 4428 non
1813 4374 1951 4428 vivi-

358 4466 459 4516 tur
483 4462 593 4518 nisi
625 4479 811 4518 rerum
843 4472 1099 4518 naturam
1131 4480 1547 4537 cognoscamus.

2056 4374 2313 4446 ἀλήθειαν
2353 4374 2481 4445 ζῇν·
2518 4376 2578 4428 τὸ
2622 4376 2679 4429 δὲ
2732 4371 2792 4429 εὖ
2843 4377 2942 4448 ζῇν
2978 4378 3009 4448 ἦ
3053 4376 3196 4429 κατὰ
3242 4374 3501 4445 ἀλήθειαν
3549 4378 3653 4430 οὐκ

2057 4465 2187 4518 ἄνευ
2216 4463 2309 4517 τοῦ
2336 4466 2670 4537 κατανοῆσαι
2700 4466 2798 4537 τὴν
2829 4465 2937 4519 τῶν
2972 4466 3313 4538 πραγμάτων
3347 4465 3529 4536 φύσιν.

1566 4573 1756 4628 XXIV.
1802 4570 1990 4645 (XVI.)
2046 4568 2186 4623 Ibid.
2227 4585 2277 4638 p.
2322 4576 2447 4625 755.

441 4670 704 4729 Nesciunt
737 4675 1004 4746 profecto,
1039 4677 1185 4747 quod
1215 4678 1309 4748 qui
1338 4692 1404 4734 ex
1430 4694 1620 4734 errore
1652 4680 1719 4733 ad
1746 4679 1952 4734 verita-

364 4769 478 4817 tem
524 4766 689 4836 600
735 4784 831 4836 per
873 4784 1056 4823 veram
1110 4769 1266 4823 ﬁdem
1321 4770 1588 4835 accessit,
1612 4770 1728 4839 ipse
1778 4778 1951 4824 semet

362 4857 585 4912 sincere
615 4860 787 4921 novit,
835 4876 968 4927 non,
999 4860 1145 4930 quod
1196 4861 1273 4915 illi
1309 4862 1485 4927 aiunt,
1538 4860 1725 4916 furore
1755 4876 1948 4916 amen-

363 4954 500 5010 tem,
531 4950 624 5004 sed
660 4967 787 5007 vere
820 4952 889 5006 ab
940 4952 1187 5007 instabili
1239 4967 1303 5007 ac
1346 4953 1598 5006 variabili
1648 4953 1949 5007 secundum

362 5042 717 5112 omnigenum
743 5046 950 5100 erroris
975 5048 1291 5100 varietatem
1320 5044 1632 5115 corruptela
1661 5044 1951 5099 liberatum

366 5148 470 5203 per
502 5135 805 5205 simplicem
835 5137 1191 5209 eiusdemque
1240 5153 1457 5207 semper
1491 5144 1673 5191 status
1705 5145 1953 5192 tenacem

366 5224 678 5281 Veritatem.

366 5357 428 5411 in
461 5366 673 5414 sextum
715 5358 819 5413 diei
852 5369 1022 5414 sextae
1057 5376 1368 5425 numerum,
1422 5360 1568 5430 quod
1609 5360 1828 5429 quidem
1874 5359 1955 5414 fa~

366 5445 498 5483 cere
528 5431 717 5499 potuit
740 5431 902 5484 etiam
934 5432 978 5484 si
1008 5447 1104 5484 sex
1141 5431 1352 5485 dierum
1384 5447 1523 5500 opus
1552 5433 1829 5500 eXplicare
1860 5446 1955 5499 ag-

368 5516 598 5569 gressus
639 5517 745 5553 non
791 5510 955 5555 esset.
993 5502 1124 5565 Quae
1173 5501 1488 5554 referuntur
1520 5502 1590 5555 ab
1634 5502 1952 5561 Anastasio.

369 5571 508 5623 nihil
543 5572 741 5623 habent
780 5587 877 5624 sua
911 5579 1106 5639 sponte
1147 5572 1294 5639 quod
1326 5571 1529 5626 Justini
1563 5572 1865 5626 sententias
1896 5579 1951 5625 et

366 5640 682 5695 disserendi
717 5641 910 5694 modos
945 5642 1207 5697 redoleat.

447 5712 559 5779 (61)
602 5713 703 5765 Ἐκ
730 5711 836 5764 τοῦ
860 5717 901 5765 ε’
927 5714 1170 5779 μέρους.
1205 5710 1399 5765 Utrum
1436 5710 1551 5764 haec
1592 5724 1718 5763 vere
1748 5707 1949 5764 Justini

368 5783 507 5842 sint,
540 5788 596 5833 et
635 5796 887 5850 quaenam
924 5782 1012 5851 hic
1042 5782 1303 5851 Apologia
1334 5788 1389 5834 et
1422 5795 1543 5850 quae
1578 5779 1726 5833 illius
1757 5780 1948 5849 quinta

368 5866 506 5924 pars
538 5858 891 5919 memoretur,
921 5850 1103 5908 fateor
1122 5868 1209 5909 me
1240 5858 1484 5909 statuere
1518 5866 1626 5906 non
1656 5865 1838 5921 posse.

2127 4679 2391 4732 Λανθάνει
2419 4683 2529 4749 (62)
2557 4678 2677 4749 μὲν,
2706 4678 2780 4742 ὡς
2806 4679 2971 4741 εἰκὸς,
3006 4677 3200 4740 αὐτοὺς
3232 4678 3307 4739 ὡς
3343 4678 3407 4729 ὲκ
3441 4677 3652 4747 πλάνης

2056 4774 2122 4842 τῇ
2154 4771 2377 4841 ἀληθείᾳ
2399 4770 2487 4823 διὰ
2510 4772 2608 4841 τῆς
2649 4770 2821 4833 ὅντως
2857 4772 3094 4832 πίστεως
3126 4768 3457 4838 ἐξεστηκὼς,
3486 4768 3651 4831 αὐτὸς

2056 4863 2113 4917 δὲ
2147 4862 2358 4934 άληθῶς
2382 4858 2518 4915 οἶδεν
2557 4862 2767 4925 ἑαυτὸν,
2803 4862 2901 4931 οὐχ
2931 4861 2957 4912 ὅ
3000 4876 3159 4928 φασιν
3212 4860 3411 4911 ἐκεῖνοι
3464 4859 3651 4929 μαινό-

2062 4972 2250 5025 μενον,
2298 4954 2435 5007 ἀλλὰ
2486 4956 2586 5025 τῆς
2637 4952 2872 5006 ἀστάτου
2920 4953 3011 5004 xui
3049 4950 3344 5020 ἁλλοιωτῆς
3381 4953 3509 5022 περὶ
3548 4952 3650 5021 τὴν

2062 5045 2376 5114 παντοδαπῆ
2432 5046 2531 5115 τῆς
2581 5044 2789 5113 πλάνης
2842 5042 3114 5096 ποικιλίαν
3157 5041 3364 5112 φθορᾶς
3413 5042 3506 5093 διὰ
3548 5042 3649 5110 τῆς

2060 5138 2237 5209 ἁπλῆς
2266 5137 2360 5190 xui
2391 5138 2476 5189 ἀεὶ
2513 5135 2771 5198 ὡσαύτως
2805 5133 3036 5205 ὲχοῦσης
3057 5132 3312 5204 ἀληθείας
3343 5131 3652 5203 ⁴ἰςλευθερω-

2061 5230 2240 5299 μένον,

2134 5362 2245 5444 (62)
2275 5358 2591 5444 Λανθάνεξ·
2624 5358 2767 5444 Hec,
2786 5357 2927 5444 apud
2954 5352 3649 5444 ἕοηενηειξῖὲεπιπξεςε-

2061 5426 2189 5487 nuiu
2219 5426 2526 5500 junguntur
2558 5428 2873 5500 testimonio
2908 5427 3077 5500 petito
3117 5442 3185 5479 ex
3218 5426 3408 5500 prima}
3441 5426 3649 5492 Apolo-

2060 5505 2160 5571 gia}
2212 5495 2413 5564 initio,
2472 5500 2562 5553 ubi
2625 5499 2782 5552 docet
2841 5495 3090 5571 JuStinus
3144 5496 3258 5548 veri
3317 5503 3646 5571 amatorem.

2056 5564 2272 5628 Etiamsi
2297 5585 2446 5626 mors
2482 5570 2804 5630 intentetur,
2837 5572 3005 5636 aequa
3026 5566 3204 5619 facere
3231 5581 3297 5636 ac
3331 5564 3651 5636 dicerc'de-

2058 5644 2209 5698 here.
2241 5643 2378 5695 Cum
2412 5641 2500 5694 his
2538 5640 2745 5693 nullam
2789 5634 3016 5708 prorsus
3052 5634 3519 5708 necessitudinem
3552 5636 3651 5687 ha»

2058 5713 2186 5768 bent
2211 5728 2331 5780 quae
2359 5704 2831 5780 sequunturiapu’d
2854 5706 2913 5780 S.
2932 5705 3197 5760 Joannem
3222 5704 3647 5771 Damasceuum.

2058 5729 2186 5768 Dent
2250 5729 2331 5767 uae
2359 5729 2666 5780 sequuntur
2689 5729 2831 5778 apuu
2855 5729 2913 5761 δ.
2932 5729 3197 5760 Jualtncm
3223 5729 3467 5758 uumusu

2055 5795 2109 5839 et
2137 5784 2181 5840 si
2211 5729 2424 5839 justini
2454 5793 2607 5851 sunt,
2640 5778 2748 5835 alio
2776 5794 2843 5834 ex
2873 5778 2995 5835 loco
3022 5782 3283 5846 excerpta
3315 5782 3467 5829 sunt.
