3974 6256
1006 370 1353 426 APPENDIX
1392 396 1462 412 ι-
1503 370 1683 426 PARS
1726 369 1792 427 ll.
1831 367 2116 425 TATIANI
2149 369 2239 425 ET
2278 370 2651 429 TIIEOPIIILI
2683 370 3138 431 FRAGMENTA.
3544 376 3697 432 1608

411 373 557 430 i605

512 515 671 587 θοι
711 511 1094 583 Fragmentum
1138 513 1411 580 Theophili
1450 512 1966 649 Commentarioruén
2005 511 2488 637 intEgaugelia.—
2508 512 2592 567 E1:
2631 514 2942 583 Hieronymi
2974 515 3128 581 epist.
3171 515 3244 567 ad
3277 514 3582 586 Algaziam,

1949 599 2056 637 ures
2091 626 2103 637 .
2180 624 2196 638 .

1949 599 2103 637 utest.
2141 599 2196 638 υ.

479 702 813 774 Theophilus
843 703 1200 759 Antiochena:
1239 702 1499 758 Ecclesia:
1544 704 1812 774 septimus
1858 712 1985 774 post
2019 704 2242 760 Petrum
2280 708 2586 776 apostolum
2630 708 2947 779 cpiscopus,
2978 710 3070 779 qui
3110 718 3353 779 quatuor
3393 709 3698 781 Evangeli-

408 806 618 855 starum
645 798 701 851 in
732 813 899 851 unum
934 814 1074 868 opus
1115 797 1263 853 dicta
1295 797 1674 868 compingens,
1710 798 1917 868 ingenii
1958 797 2046 853 sui
2078 799 2240 853 nobis
2274 807 2630 854 monumenta
2660 801 2900 870 reliquit,
2935 801 3053 856 hmo
3092 819 3259 872 super
3288 803 3389 856 hac
3427 804 3694 872 ρει-³1101³

409 894 463 948 ἰη
499 895 614 949 suis
647 893 1071 949 Commentariis
1101 902 1186 949 est
1217 895 1452 949 locutus.
1489 893 1674 959 Dives,
1712 894 1806 963 qui
1839 893 2077 949 habebat
2100 894 2343 949 villicum
2378 894 2495 949 sive
2520 894 2979 965 dispensatorem,
3017 895 3162 950 Deus
3199 897 3555 965 omnipotens
3582 903 3692 951 est.

407 1003 519 1057 quo
550 988 686 1041 nihil
730 996 815 1043 est
846 989 1041 1044 ditius.
1076 989 1255 1061 llujus
1285 989 1636 1060 dispensator
1666 998 1751 1044 est
1781 988 2009 1054 Paulus,
2040 990 2134 1059 qui
2168 990 2234 1045 ad
2274 990 2446 1059 pedes
2466 989 2781 1046 Gamalielis
2805 1007 2996 1046 sacras
3028 993 3239 1047 litteras
3267 992 3482 1054 didicit,
3528 1000 3581 1045 et
3613 993 3697 1045 le~

408 1093 529 1148 gem
558 1078 649 1133 Dei
683 1089 1005 1151 susceperat
1029 1082 1479 1152 dispensandam.
1513 1083 1617 1149 Qui
1645 1098 1769 1137 cum
1817 1084 2079 1152 cmpissct
2108 1084 2393 1139 credentes
2424 1086 2480 1138 in
2508 1085 2732 1140 Christo
2770 1086 3050 1155 persequi,
3088 1087 3280 1156 ligare,
3323 1085 3603 1145 occidere,
3634 1092 3692 1137 et

409 1189 626 1229 omnem
656 1174 872 1230 Domini
903 1179 988 1232 sui
1021 1176 1296 1247 dissipare
1335 1177 1729 1241 substantiam,
1772 1185 2061 1247 correptus
2096 1192 2125 1230 a
2169 1176 2401 1232 Domino
2431 1188 2517 1235 est
2550 1196 2563 1229 :
2596 1180 2780 1244 Saule,
2813 1181 3007 1244 Saule,
3041 1182 3166 1251 quid
3205 1200 3285 1235 me
3317 1182 3693 1251 persequeris!

408 1273 603 1325 durum
632 1282 709 1326 est
742 1274 837 1327 tibi
866 1283 1053 1327 contra
1082 1274 1359 1327 stimulum
1387 1274 1673 1326 calcitrare
1697 1272 1765 1326 ³⁸.
1790 1271 2044 1341 Dicitque
2074 1272 2130 1325 in
2166 1270 2333 1325 corde
2359 1288 2460 1326 suo
2492 1272 2667 1338 :Quid
2713 1274 2949 1327 faciam?
2972 1276 3121 1344 quia,
3168 1275 3259 1343 qui
3294 1276 3557 1344 magister
3588 1274 3695 1341 fui,

409 1377 465 1423 et
490 1369 728 1433 villicus,
762 1385 930 1440 cogor
958 1385 1082 1425 esse
1106 1370 1432 1438 discipulus,
1459 1376 1514 1422 et
1544 1369 1832 1438 operarius
1867 1382 1880 1417 :
1915 1367 2095 1435 fodere
2124 1383 2227 1420 non
2268 1368 2436 1429 valeo,
2480 1369 2664 1421 omnia
2701 1370 2845 1421 enim
2879 1370 3133 1424 mandata
3182 1371 3339 1440 legis,
3373 1386 3495 1439 quae
3526 1380 3695 1425 terra

407 1459 770 1521 incubabant,
807 1474 977 1513 cerno
1004 1460 1309 1524 destructa,
1342 1465 1398 1512 et
1430 1458 1604 1527 legem
1636 1465 1799 1526 atque
1824 1458 2120 1527 prophetas
2144 1472 2321 1526 usque
2348 1457 2415 1511 ad
2445 1455 2713 1512 Joannem
2742 1457 3040 1527 Baptistam
3077 1477 3199 1515 esse
3229 1462 3447 1525 ﬁnitos;
3478 1464 3690 1516 mendi-

407 1569 532 1605 care
560 1550 809 1605 erubesco
840 1551 906 1613 ³⁸,
928 1560 988 1604 ut
1018 1551 1110 1620 qui
1141 1550 1334 1604 doctor
1368 1551 1579 1603 fueram
1608 1547 1947 1613 Judzeorum,
1981 1564 2147 1619 cogar
2170 1564 2199 1602 a
2230 1550 2505 1618 gentibus,
2540 1558 2593 1604 et
2617 1565 2645 1603 a
2673 1550 2946 1621 discipulo
2976 1552 3209 1617 Anania,
3242 1557 3439 1609 salutis
3463 1572 3528 1610 ac
3564 1556 3693 1611 ﬁdei

404 1645 720 1700 mendicare
748 1634 1075 1697 doctrinam.
1109 1639 1326 1695 Faciam
1361 1641 1549 1711 igitur,
1583 1639 1731 1709 quod
1760 1640 1895 1693 mihi
1926 1639 2059 1694 utile
2089 1655 2213 1694 esse
2240 1639 2522 1710 intelligo;
2558 1647 2615 1693 ut
2651 1650 2942 1711 postquam
2988 1645 3264 1714 projectus
3295 1646 3451 1700 fuero
3488 1647 3563 1702 de
3585 1649 3699 1701 vil-

404 1738 671 1792 licatione
706 1751 847 1800 mea,
875 1736 1144 1805 recipiant
1171 1749 1258 1788 me
1280 1732 1583 1787 Christiani
1610 1733 1665 1785 in
1695 1731 1890 1787 domos
1913 1748 2066 1787 suas.
2095 1732 2384 1803 Coepitque
2409 1747 2525 1793 eos,
2558 1733 2650 1802 qui
2691 1734 2842 1802 prius
2876 1736 3239 1791 versabantur
3269 1738 3323 1791 in
3356 1740 3492 1810 lege,
3525 1748 3580 1795 et
3606 1742 3691 1797 sic

405 1832 464 1884 in
484 1830 767 1884 Christum
793 1827 1167 1889 crediderant,
1199 1841 1269 1879 ne
1301 1824 1706 1879 arbitrarentur
1734 1838 1794 1878 se
1827 1824 1883 1877 in
1907 1824 2023 1893 lege
2047 1823 2455 1893 justifieandos,
2482 1823 2682 1878 docere
2697 1825 2868 1895 legem
2902 1828 3182 1892 abolitam,
3208 1831 3524 1899 prophetias
3556 1850 3696 1903 prai-

405 1921 642 1983 teriisse,
670 1927 725 1973 et
755 1934 877 1988 quae
908 1924 1070 1971 antea
1104 1932 1205 1986 pro
1230 1915 1391 1969 lucro
1432 1915 1675 1980 fuerant,
1707 1915 1953 1984 reputari
1987 1916 2042 1969 in
2077 1925 2345 1971 stercora.
2381 1914 2609 1969 Vocavit
2637 1914 2821 1984 itaque
2845 1918 2985 1973 (Ιιιοε
3022 1918 3090 1972 de
3125 1920 3375 1989 pluribus
3417 1921 3692 1976 debitori-

403 2014 528 2068 bus.
562 2010 808 2065 Primum
836 2010 931 2078 qui
953 2008 1187 2063 debebat
1224 2017 1445 2063 centum
1474 2007 1636 2062 batos
1670 2006 1799 2069 olei,
1828 2021 1924 2061 eos
1953 2005 2231 2071 videlicet,
2265 2008 2361 2077 qui
2393 2007 2716 2063 fuerant'ex
2749 2010 2999 2079 gentibus
3027 2012 3363 2081 congregati,
3401 2023 3456 2067 et
3484 2031 3694 2086 magna

403 2104 725 2173 indigebant
748 2101 1133 2157 misericordia
1158 2100 1252 2155 Dei
1280 2118 1294 2167 ;
1325 2107 1379 2155 et
1406 2100 1474 2155 de
1504 2100 1827 2156 centenario
1856 2116 2111 2168 numero,
2138 2102 2234 2171 qui
2268 2102 2464 2172 plenus
2496 2110 2580 2157 est
2612 2110 2774 2173 atque
2823 2103 3120 2173 perfectus,
3151 2104 3280 2158 fecit
3311 2122 3406 2162 eos
3439 2110 3691 2165 scribere

402 2196 962 2268 quinquagenarium,
992 2196 1085 2264 qui
1112 2194 1334 2264 proprie
1362 2195 1749 2264 pmnitentium
1782 2200 1889 2258 est,
1916 2194 2071 2263 juxta
2099 2195 2391 2264 jubileum,
2422 2204 2476 2249 et
2509 2195 2656 2248 illam
2677 2196 2745 2249 .in
2783 2195 3075 2266 Evangelio
3113 2198 3454 2266 parabolam,
3485 2201 3542 2254 in
3579 2217 3692 2271 qua

403 2289 558 2345 alteri
607 2287 915 2358 quingenti,
944 2286 1104 2341 alteri
1136 2286 1538 2355 quinquaginta
1569 2286 1945 2340 dimittuntur.
1983 2285 2294 2341 Secundum
2335 2295 2516 2341 autem
2548 2287 2765 2341 vocavit
2806 2289 3065 2358 populum
3094 2288 3432 2354 Judaeorum,
3461 2292 3557 2361 qui
3586 2291 3691 2344 tri-

401 2382 516 2435 tico
547 2379 930 2432 mandatorum
968 2375 1062 2430 Dei
1087 2375 1330 2431 nutritus
1374 2382 1515 2439 erat,
1542 2382 1596 2429 et
1641 2375 1876 2430 debebat
1908 2376 1960 2430 ei
1990 2378 2370 2431 centenarium
2404 2393 2717 2443 numerum,
2748 2386 2803 2432 et
2835 2382 3035 2451 coegit,
3068 2389 3126 2434 ut
3154 2382 3219 2435 de
3252 2392 3497 2445 centum,
3530 2395 3689 2438 octo-

401 2475 553 2544 ginta
587 2472 815 2534 faceret,
861 2470 914 2524 id
945 2479 1052 2535 est,
1092 2468 1341 2525 crederet
1390 2469 1445 2523 in
1480 2468 1698 2524 Domini
1735 2470 2167 2535 resurrectione,
2211 2486 2333 2541 qua:
2359 2479 2567 2525 octavae
2596 2471 2704 2526 diei
2739 2488 2971 2527 numero
3012 2476 3345 2539 continetur,
3371 2486 3427 2529 et
3456 2474 3527 2530 de
3560 2486 3689 2532 octo

400 2565 712 2634 completur
741 2562 1039 2618 decadibus
1064 2604 1079 2629 ,
1108 2570 1170 2615 ut
1199 2562 1266 2616 de
1294 2560 1533 2616 Sabbato
1563 2562 1700 2631 legis
1732 2561 1996 2616 transiret
2025 2564 2092 2618 ad
2123 2563 2357 2633 primam
2392 2561 2638 2619 Sabbati.
2665 2564 2747 2618 0b
2786 2564 2929 2618 hanc.
2964 2580 3187 2621 causam
3218 2582 3249 2619 a
3280 2566 3515 2624 Domino
3546 2586 3691 2639 pne-

400 2658 645 2719 dicatur,
676 2654 824 2725 quod
858 2655 996 2709 bene
1026 2652 1245 2717 fecerit,
1271 2661 1326 2708 et
1358 2668 1457 2723 pro
1486 2654 1665 2708 salute
1702 2669 1802 2708 sua
1834 2653 1889 2707 in
1924 2652 2202 2724 Evangelii
2235 2656 2582 2710 clementiam
2615 2656 2684 2711 de
2728 2657 2867 2727 legis
2912 2658 3556 2715 austeritatevmutuatus
3589 2665 3687 2717 sit.

400 2747 563 2815 Quod
596 2746 643 2800 si
668 2744 979 2814 quaesieris,
1005 2758 1177 2813 quare
1206 2752 1436 2797 vocetur
1464 2744 1680 2799 villicus
1710 2746 2020 2815 iniquitatis
2056 2746 2110 2799 in
2140 2746 2280 2816 lege,
2308 2763 2433 2817 qua:
2461 2747 2557 2803 Dei
2581 2756 2665 2803 est
2690 2767 2704 2815 ;
2742 2733 2966 2818 iniquus
3002 2761 3118 2803 erat
3144 2749 3381 2812 villicus,
3419 2753 3514 2821 qui
3546 2753 3690 2809 bene

399 2841 621 2912 quidem
657 2836 938 2899 olTerebat,
978 2836 1073 2892 sed
1097 2835 1295 2890 Filium
1333 2851 1712 2906 persequens:
1752 2838 1959 2893 habens
1992 2837 2162 2893 Deum
2201 2840 2656 2910 omnipotentem,
2694 2840 2790 2896 sed
2837 2840 3102 2910 Spiritum
3154 2850 3406 2895 sanctum
3452 2859 3684 2914 negans.

398 2932 734 2990 Prudentior
766 2932 953 3000 itaque
982 2930 1086 2983 fuit
1112 2929 1319 2985 Paulus
1345 2931 1631 3000 apostolus
1661 2932 1714 2986 in
1748 2933 2192 3003 transgressione
2220 2934 2355 3004 legis
2388 2934 2513 2989 ﬁliis
2536 2934 2812 3004 quondam
2846 2935 3009 3002 lucis,
3040 2934 3132 3004 qui
3165 2935 3221 2987 in
3253 2935 3389 3004 legis
3420 2938 3689 2995 observa-

399 3026 552 3081 tione
572 3023 799 3090 versati,
830 3022 1141 3090 Christum,
1174 3023 1268 3093 qui
1304 3022 1401 3078 Dei
1433 3023 1615 3079 Patris
1643 3041 1835 3081 verum
1867 3026 2052 3080 lumen
2075 3037 2179 3088 est,
2213 3026 2591 3095 perdiderunt.

408 3163 790 3237 Fragmentum
824 3161 1206 3237 Commenlarii
1242 3162 1512 3237 Theophili
1536 3166 1604 3237 lin
1633 3164 1914 3220 Canticum
1955 3168 2306 3220 canticorum.
2330 3197 2413 3237 7-
2450 3165 2534 3219 Ea:
2575 3165 2792 3219 Eusebii
2826 3164 3174 3232 Expositione
3208 3165 3426 3219 Cautici
3469 3166 3617 3221 edita
3655 3185 3697 3221 σ

1069 3233 1303 3287 Meursio
1340 3250 1463 3305 pag.
1497 3236 1586 3296 57,
1613 3240 1949 3290 emendatum
1986 3253 2051 3291 ea:
2090 3254 2193 3290 ms.
2240 3236 2356 3290 cod.
2395 3237 2535 3291 5024
2560 3237 2798 3291 biblioth.
2837 3237 2996 3290 Bodl.

467 3355 550 3411 Ex
579 3354 834 3428 gentibus
865 3354 1172 3410 secundum
1207 3371 1434 3411 carnem
1477 3359 1655 3412 oritur
1690 3358 1979 3424 Dominus,

2171 3358 2259 3422 Ἐξ
2294 3357 2462 3411 ἐθνῶν
2493 3359 2555 3410 τὸ
2589 3357 2729 3410 κατὰ
2761 3356 2940 3426 σάρκα
2977 3356 3083 3425 (68)
3108 3358 3135 3407 ὁ
3181 3355 3408 3427 Κύριος,
3443 3356 3692 3426 amaras-

404 3450 558 3505 salvo
588 3464 673 3514 eo,
705 3446 852 3517 quod
892 3462 959 3501 ex
1008 3446 1151 3501 Juda
1182 3464 1309 3503 esse
1358 3448 1561 3504 dicitur
1598 3452 1660 3504 ³⁷.
1698 3452 1986 3517 Quodnam

397 3547 482 3596 cst
512 3540 681 3610 igitur
711 3539 921 3608 lignum
947 3537 1183 3592 Libani?
1212 3538 1361 3594 Ruth
1391 3541 1665 3598 Moabitis.
1698 3542 1817 3613 Ipsa
1840 3545 1989 3598 enim

397 3632 609 3701 peperit
628 3629 801 3684 Jubed
831 3644 899 3683 ex
928 3644 1039 3699 quo
1068 3628 1243 3685 Jesse.
1279 3631 1502 3687 Lectica
1544 3635 1711 3705 igitur
1749 3645 1836 3690 est
1863 3651 1989 3689 cor-

398 3740 524 3793 pus.
559 3722 828 3778 Lecticam
861 3722 1003 3791 fecit.
1034 3721 1113 3775 Ex
1144 3726 1424 3777 communi
1466 3725 1602 3779 illud
1633 3725 1778 3794 fecit.
1814 3725 1986 3792 Quasi

393 3815 601 3869 diceret
630 3834 642 3869 :
667 3814 804 3868 Tota
832 3815 951 3883 ejus
976 3815 1169 3870 lectica
1200 3817 1445 3875 charitas
1471 3827 1576 3884 est,
1605 3820 1764 3888 juxta
1794 3821 1940 3875 istud
1968 3839 1985 3875 :

394 3904 580 3975 Major
600 3915 773 3959 autem
797 3906 981 3960 horum
999 3907 1233 3962 charitas
1251 3909 1317 3963 ³⁸.
1343 3907 1559 3964 Lectica
1582 3912 1791 3965 animas
1816 3911 1988 3969 Deum

394 3998 453 4053 in
487 4014 546 4054 se
591 4008 871 4069 gestantes
915 3998 1190 4069 designat.
1227 4000 1309 4054 Ea:
1358 4003 1515 4073 lignis
1545 4002 1741 4058 Libani
1769 4005 1832 4061 ’9.
1868 4005 1988 4060 Ali-

396 4092 616 4163 quando
650 4093 795 4146 enim
832 4092 1039 4163 lignum
1066 4092 1365 4149 adversarii
1386 4112 1627 4153 eramus.

474 4356 649 4413 "Act.
677 4373 822 4422 xxv1,
849 4360 936 4414 H.
1013 4352 1055 4383 ³⁸
1076 4353 1209 4409 Luc.
1241 4369 1350 4419 xw,
1375 4354 1466 4409 57.
1535 4354 1576 4385 ³⁷
1606 4353 1770 4411 Hebr.
1803 4372 1897 4411 vii.

467 4515 579 4585 (68)
620 4515 722 4579 Ἐξ
751 4514 941 4569 ἐθνῶν
982 4514 1050 4567 τὸ
1101 4513 1253 4566 κατὰ
1278 4508 1829 4585 σάρκίιηΤὶιεοβιιὶιο
1877 4509 1983 4563 hoc

395 4582 771 4639 testiinonium
814 4585 1035 4639 attribui
1078 4592 1308 4637 testatur
1347 4582 1583 4635 Grabius
1633 4584 1687 4634 in
1738 4596 1842 4634 ms.
1886 4595 1980 4632 co-

397 4656 537 4709 dice.
611 4658 1010 4710 Antiochenum
1078 4669 1201 4708 esse
1253 4653 1490 4719 conjecit
1548 4651 1629 4703 vir
1688 4652 1980 4716 eruditus,

396 4729 649 4794 quamvis
700 4728 754 4779 in
802 4725 1087 4778 Canticum
1136 4724 1475 4794 canticorum
1525 4721 1820 4789 scripsisse
1864 4737 1975 4794 non

397 4790 749 4865 perhibeatur
784 4795 1139 4864 TheOphilus.
1171 4794 1333 4865 Hach
1352 4792 1730 4865 conjecturam
1774 4790 1978 4865 contir-

399 4862 550 4920 inare
581 4876 811 4933 possunt
851 4862 972 4934 quae
1004 4866 1071 4918 ad
1104 4865 1196 4918 tib.
1229 4880 1247 4915 ι
1278 4862 1586 4934 Theophili,
1612 4862 1850 4934 nuin._5,
1873 4862 1980 4934 _ob-

397 4932 631 4990 servavi.
665 4932 1066 5004 Nonnunquam
1105 4936 1251 4988 enim
1298 4932 1637 5004 TbeOphilus
1668 4932 1971 5004 Antioche-

396 5021 504 5060 tius
554 5008 851 5078 generatim
880 5002 963 5059 vel
999 5005 1104 5059 sub
1152 5004 1437 5078 Theophili
1487 5002 1844 5078 alexandrini
1874 5017 1977 5054 no-

396 5072 581 5130 mine'
602 5079 822 5141 citatur,
862 5077 1023 5144 eique
1056 5090 1155 5129 sua
1202 5077 1386 5143 potius
1432 5072 1761 5144 auferuntur
1805 5087 1971 5144 quam

396 5147 573 5200 aliena
606 5142 1314 5200 traduntur.Memorabilis
1346 5144 1614 5197 sententia
1650 5142 1814 5206 huius
1835 5142 1977 5193 scri-

434 5220 569 5271 toris
601 5219 768 5272 semel
818 5220 921 5270 sub
968 5214 1255 5283 Theophili
1308 5214 1631 5283 nomineLin
1686 5210 1977 5283 Parallelis

434 5233 569 5271 toris
601 5233 768 5272 semei
818 5233 921 5270 sui)
979 5233 1255 5283 Illeopnlll
1308 5233 1549 5269 nomine.
1578 5233 1631 5265 111
1686 5233 1977 5263 raratwtts

395 5233 456 5342 ἓ.
488 5288 715 5343 Joannis
764 5286 1109 5347 Damasceni,
1142 5286 1337 5338 iterum
1388 5284 1490 5337 sub
1525 5281 1813 5351 Theophili
1846 5282 1977 5351 Aleg

394 5358 650 5413 xandriu’t
680 5359 901 5411 nomine
928 5358 1148 5410 citatur.
1172 5354 1249 5406 Ex
1271 5354 1462 5407 eodem
1492 5353 1634 5407 libro
1660 5350 1716 5406 ri.
1738 5352 1792 5415 4,
1826 5350 1977 5404 aliud

396 5429 770 5483 testimonium
821 5427 1164 5495 deprompsit
1199 5425 1258 5480 S.
1290 5423 1531 5479 Joannes
1562 5424 1971 5495 |Damascenus,

395 5499 539 5571 quod
579 5493 964 5569 Amphilochio
986 5493 1326 5562 attribuitur,
1361 5502 1413 5548 et
1441 5510 1508 5551 ex
1533 5493 1777 5550 secundo
1807 5493 1969 5555 libro,

1978 5721 2053 5753 ’τ

1977 4354 2025 4387 ³⁸
2046 4356 2067 4410 Ι
2090 4354 2218 4411 Cor.
2246 4373 2369 4422 xui,
2401 4358 2493 4411 l5.

2090 3468 2182 3504 νου
2217 3450 2311 3502 καὶ
2358 3450 2454 3502 τοῦ
2488 3449 2546 3513 ἐξ
2585 3449 2775 3501 Ἰούδα.
2836 3449 2878 3500 Τ
2886 3448 2934 3510 ἔς
2978 3444 3070 3500 οὖν
3130 3448 3246 3499 ἐστὶ
3292 3448 3351 3500 τὸ
3402 3447 3561 3511 ξῦλον
3587 3448 3690 3501 τοῦ

2088 3542 2358 3605 Λιϐάνου;
2406 3541 2560 3593 Ῥοὺο
2591 3544 2625 3611 ἡ
2680 3540 2977 3602 Μωαϐῖτις.
3029 3540 3177 3611 Αὕτη
3215 3540 3325 3611 γὰρ
3373 3542 3563 3593 τὲτοκε
3591 3540 3690 3593 τὸν

2101 3634 2312 3705 Ἰωϐὴδ,
2339 3633 2398 3698 ἐξ
2429 3628 2490 3687 οὗ
2535 3634 2755 3685 Ἰεσσαί.
2793 3635 3012 3703 Φορεῖον
3044 3634 3224 3687 τοίνυν
3255 3634 3372 3686 ἐστὶ
3402 3634 3465 3686 τὸ
3500 3635 3687 3704 σῶμα.

2089 3724 2336 3792 Φορεῖον
2364 3725 2672 3791 ἐποίησεν.
2717 3725 2851 3776 Ἀπὸ
2906 3724 3086 3777 κοινοῦ
3132 3723 3238 3795 (69)
3265 3725 3327 3777 τὸ
3367 3723 3693 3790 ἐποίησεν.

2088 3815 2289 3868 ὡσανεὶ
2320 3815 2525 3884 ἔλεγεν,
2546 3815 2705 3869 ’⁸ολον
2738 3815 2906 3885 (Edit.
2930 3814 3153 3870 Meursii
3183 3815 3322 3868 male
3346 3815 3508 3868 habet
3535 3815 3691 3884 ὅσον)

2088 3907 2147 3962 δὲ
2164 3906 2225 3959 τὸ
2246 3908 2509 3979 φορεῖονὴ
2531 3907 2720 3977 ἀγάπη
2748 3908 2918 3970 ἐστὶν,
2944 3906 3085 3960 κατὰ
3102 3908 3185 3959 τό*
3212 3906 3438 3965 111ρείζιιηι⁹
3457 3906 3527 3957 δὲ
3554 3906 3659 3958 τού

2089 4017 2208 4055 των
2236 4003 2273 4069 ὴ
2307 4001 2530 4070 ἀγάπη.
2566 4002 2786 4071 Φορείον
2818 4000 2918 4064 τὰς
2950 3999 3245 4070 θεοφόρους
3290 3998 3491 4067 ψυχάς.
3548 3997 3689 4052 Ἀπὸ

2089 4089 2291 4153 ξύλων
2316 4092 2423 4145 τοῦ
2453 4090 2728 4146 Λιϐάνου.
2766 4093 2904 4145 Ποτὲ
2927 4091 3037 4162 γὰρ
3065 4090 3219 4157 ξύλον
3242 4090 3336 4142 τοῦ
3368 4089 3691 4160 ἀντικειμέ-

2092 4198 2184 4235 νου
2215 4177 2378 4253 ἦμεν.

2576 4357 2620 4390 ³9
2655 4358 2824 4413 Cant.
2862 4375 2945 4425 in,
2982 4358 3037 4414 9.

2082 4527 2239 4564 num.
2276 4511 2369 4574 27,
2404 4511 2565 4567 aliam
2594 4513 2865 4582 insignem
2886 4514 3241 4575 sententiam,
3272 4526 3398 4580 qua
3419 4526 3531 4565 non
3563 4511 3689 4566 sine

2085 4584 2237 4651 gravi
2266 4591 2452 4636 errato
2495 4584 2794 4637 ascribitur
2823 4583 3141 4645 Eleuthero,
3171 4599 3224 4652 p.
3266 4583 3394 4636 3l5.

2154 4715 2269 4787 (69)
2309 4715 2441 4770 Ἀπὸ
2469 4716 2691 4769 κοινοῦ.
2726 4716 2865 4771 Tres
2904 4716 3010 4787 hoc
3043 4715 3163 4787 loco
3185 4713 3492 4787 an:eruntur
3516 4716 3687 4783 expli-

2084 4785 2331 4841 cationes
2357 4788 2551 4840 borum
2568 4787 2887 4840 verborum:
2912 4785 3193 4838 Ferculum
3210 4785 3423 4853 (Graece
3440 4790 3681 4853 φορεῖον.

2084 4804 2331 4841 canones
2358 4804 2551 4840 norum
2568 4804 2887 4840 vei-Dorum:
2912 4804 2944 4837 ιε
2960 4804 3193 4838 ercuium
3210 4804 3423 4853 I‘uraece
3440 4804 3508 4853 φο
3550 4804 3681 4843 τιον.

2083 4858 2199 4911 sive
2226 4857 2485 4926 lecticam)
2522 4856 2643 4923 fecit
2668 4858 2769 4909 sibi
2801 4872 2893 4909 rex
2915 4856 3169 4910 Salomon
3204 4861 3267 4908 de
3301 4856 3460 4923 lignis
3491 4804 3685 4908 [ilium

2085 4926 2266 4995 (Cant.
2306 4929 2430 4989 Hl,
2469 4925 2552 4993 '9).
2605 4926 2787 4979 Prima
2836 4942 3040 4995 corpus
3087 4927 3341 4996 intelligit
3382 4925 3684 4996 quod'sibi

2082 4998 2340 5052 Christus
2374 4997 2629 5051 formavit
2658 5012 2724 5050 ex
2758 4997 2991 5066 virgine,
3022 5013 3142 5065 quae
3175 5011 3204 5049 a
3236 4996 3377 5050 Juda
3409 4997 3684 5066 originem

2084 5069 2305 5135 quidem
2338 5066 2594 5131 ducebat,
2637 5066 2732 5120 sed
2771 5065 2952 5135 tamen
2985 5068 3130 5122 inter
3176 5068 3331 5119 avias
3362 5082 3494 5119 suas
3531 5065 3679 5118 Ruth

2084 5136 2433 5193 Moabitidem
2465 5142 2813 5191 numerabat.
2849 5134 3102 5193 Secunda
3144 5138 3439 5205 explicatio
3468 5137 3681 5189 lectica:

2086 5209 2307 5262 nomine
2337 5207 2553 5261 videtur
2598 5207 2923 5260 charitatem
2972 5206 3301 5276 intelligere,
3328 5222 3452 5277 quae
3494 5205 3681 5259 omnia

2086 5278 2469 5346 complectitur
2498 5288 2553 5332 et
2582 5279 2650 5331 ad
2695 5291 2914 5331 omnem
2963 5277 3156 5346 agendi
3199 5276 3478 5331 rationem
3512 5276 3684 5346 perti-

2081 5356 2192 5403 net.
2227 5346 2412 5402 Tertia
2446 5348 2696 5402 lecticam
2731 5347 3126 5415 interpretatur
3161 5348 3381 5403 animas
3417 5347 3590 5401 Deum
3626 5348 3684 5403 in

2081 5434 2140 5473 se
2166 5425 2467 5488 gestantes,
2502 5433 2625 5487 qua:
2665 5433 2733 5472 ex
2764 5417 2927 5486 lignis
2954 5415 3149 5470 Libani
3190 5416 3355 5473 facta:
3389 5417 3685 5483 dicuntur,

2079 5491 2210 5560 quia
2244 5497 2403 5545 antea
2434 5488 2654 5544 diabolo
2683 5495 2843 5544 erant
2868 5490 3257 5557 emancipatis.
