3984 6256
329 363 473 419 1685

321 479 560 544 accipere
577 480 892 544 potest.5l8l.
935 479 1216 544 Ingenitum
1237 494 1335 529 non
1355 486 1433 530 est
1453 482 1692 543 quidquid
1736 488 1814 530 est
1833 478 1908 529 in-

323 543 828 605 corruptibile,540._
862 543 1187 605 Deus’supra
1229 545 1622 604 incorruptibilia
1670 550 1768 605 est,
1811 556 1910 591 non

321 601 490 667 supra:
539 606 777 667 Ingenita,
819 601 1131 667 Opilex
1178 612 1257 652 est
1300 601 1766 667 incor'ruptibilium',
1812 619 1942 662 non

322 665 448 715 vero
480 665 832 727 ingenitorum,
856 665 963 714 540.
1017 666 1259 727 lngenitis
1283 668 1332 714 in
1363 665 1516 715 rebus
1557 667 1678 714 nihil
1726 672 1910 727 praeter

321 733 553 790 naturam
572 732 658 774 aut
692 725 885 790 frustra
923 733 1018 782 est,
1047 726 1483 790 576.ﬂlngenitum
1506 742 1620 776 esse
1659 725 1787 790 nihil
1820 742 1909 790 po-

327 793 428 838 test
469 786 763 851 ob_a.terius
803 789 1086 848 utilitatem,
1127 789 1236 838 541.
1259 786 1350 838 wAt
1385 789 1760 851 incorruptibile
1793 786 1909 838 esse

323 857 521 936 8225’s}:
531 848 982 936 §f1;.!"seﬂl'.":r.
1002 864 1103 936 22*:
1126 848 1906 936 fit.‘n‘éﬁﬂi‘fﬂl’fi’lii‘ffﬂ'i29'

325 911 438 974 555.
472 911 698 974 ingenita
726 919 779 960 et
800 919 985 974 aeterna
1007 925 1104 960 non
1130 921 1263 968 sunt.
1289 911 1400 974 quae
1423 911 1778 974 propter—aliud
1821 913 1909 961 ba-

321 972 468 1031 bent,
507 980 563 1020 ut
590 973 657 1020 ita
676 975 794 1031 sint,
819 973 926 1021 577.
956 971 1182 1035 ingenita
1210 981 1262 1036 et
1283 971 1468 1023 aeterna
1490 971 1604 1036 esse
1648 987 1745 1022 non
1793 988 1908 1036 pos-

323 1041 464 1097 sunt,
484 1047 693 1094 quorum
713 1034 1054 1097 ordoanatura
1073 1034 1415 1097 proﬁciscitur,
1440 1037 1549 1085 582.
1575 1034 1807 1097 Ingenito‘
1822 1037 1908 1085 ad-

318 1096 944 1159 junctumincorruptibile
968 1102 1021 1144 et
1042 1095 1361 1157 indivisibile,
1402 1098 1514 1146 559.
1555 1095 1785 1159 Ingetlite
1831 1101 1909 1146 in-

321 1157 661 1228 corruptibilia
677 1157 916 1228 nop;suﬁnt
937 1171 1046 1228 qua:
1073 1160 1364 1228 ex_alteriu_s
1392 1157 1646 1228 voluntate
1685 1161 1909 1228 incorru-

322 1219 520 1289 ptibilia
545 1219 818 1289 ξηιλ-540ι
837 1219 1218 1289 Quodingenite
1241 1223 1390 1289 estiin
1414 1222 1908 1289 inge_t_ilito,estetiam

323 1280 626 1340 ingenitum,
801 1281 1086 1344 ingenitum
1111 1283 1160 1344 in
1183 1280 1362 1344 creatis
1408 1280 1654 1344 signiﬁcat
1679 1283 1906 1344 negatio-

320 1355 441 1388 nem
460 1344 800 1403 generationis
821 1342 1086 1403 possibilis,
1109 1343 1216 1405 557.
1235 1345 1300 1405 lln
1319 1342 1520 1392 eternis
1543 1352 1726 1403 autem,
1747 1342 1908 1405 gene-

320 1405 534 1452 rationis
557 1406 826 1467 praeteritae
848 1411 900 1452 et
928 1405 1121 1467 futurae,
1150 1404 1261 1452 557.
1301 1405 1564 1467 Ingenitus
1606 1404 1907 1454 Deus’utro—

320 1477 425 1526 que
451 1462 625 1523 sensu,
651 1465 760 1514 549.
789 1462 1004 1527 ingeniti
1029 1470 1229 1514 nomine
1250 1462 1420 1528 partés
1443 1469 1612 1516 mundi
1651 1468 1905 1530 appellare

322 1529 530 1575 impium
554 1533 648 1575 est.
675 1527 784 1575 513.

322 1529 530 1583 impium
554 1533 648 1583 est,
675 1529 784 1575 515.

413 1586 645 1652 ngluvies
668 1588 917 1652 fugienda,
942 1587 1050 1636 415.
1071 1589 1272 1638 Frustra
1295 1590 1451 1639 morbi
1475 1591 1697 1652 corporei
1714 1590 1906 1651 ﬁngun-

388 1603 645 1696 tngiuvtes
668 1603 917 1651 rugienua,
942 1603 1050 1636 4w.
1072 1603 1272 1638 r'rustra
1295 1603 1451 1639 morm
1475 1603 1697 1652 corporei
1714 1603 1906 1651 ungun-

321 1656 424 1707 tur,
489 1650 839 1713 15.7Ejusmodi
865 1652 1090 1698 homines
1125 1655 1276 1700 etiam
1327 1652 1543 1712 pellibus
1585 1654 1780 1713 impleri
1821 1664 1908 1699 cu-

323 1713 489 1775 piunt,
515 1711 859 1775 415.’_Ceritum
882 1725 1056 1775 manus
1073 1718 1128 1760 et
1160 1711 1529 1774 plures’buccas
1571 1711 1812 1775 appetere
1833 1714 1907 1760 vi-

323 1772 532 1831 dentur,
574 1773 681 1821 415.
708 1774 839 1824 Cibis
863 1774 1105 1822 utendum
1133 1772 1188 1822 ut
1211 1787 1274 1822 ne
1297 1777 1587 1830 esuriamus,
1602 1772 1723 1824 ‘415.

322 1833 633 1944 “lzusipiens
653 1835 834 1884 dicitur
857 1841 910 1883 et
935 1835 977 1883 is
998 1837 1084 1896 qui
1104 1836 1318 1898 simplex
1341 1843 1419 1885 est
1439 1846 1494 1885 et
1513 1837 1597 1899 qui
1619 1837 1904 1898 imperitus,

388 1957 592 2005 invidia.
617 1958 692 2006 Ab
731 1958 912 2007 invidia
937 1962 1159 2006 remotus
1183 1971 1295 2008 esse
1337 1959 1490 2008 debet
1527 1961 1686 2008 omnis
1725 1959 1904 2018 ﬁdelis,

319 2016 432 2066 417.
458 2019 610 2080 invidi
633 2021 842 2070 aliorum
868 2023 1103 2080 przeclare
1129 2021 1248 2069 facta
1272 2035 1364 2068 non
1387 2023 1596 2070 credunt
1613 2027 1698 2070 aut
1717 2016 1906 2080 anguli;

321 2085 425 2188 Ἐπί,
452 2079 560 2128 411.
583 2082 635 2130 Si
655 2081 776 2142 quid
802 2079 916 2130 mali
940 2083 1156 2142 audiant,
1183 2086 1333 2132 etiam
1370 2085 1631 2132 mentienti
1675 2079 1903 2144 credunt,

386 2201 554 2252 Irasci.
583 2203 842 2265 Nunquam
868 2205 1009 2253 irasci
1036 2205 1319 2266 praeclarum
1345 2205 1450 2263 est',
1485 2205 1592 2255 414.
1633 2205 1684 2253 Si
1709 2205 1906 2266 quando

321 2266 597 2327 necessitas
621 2273 828 2327 urgeat,
873 2268 942 2314 ira
969 2268 1210 2314 utendum
1236 2269 1295 2314 ad
1332 2269 1538 2327 proximi
1579 2275 1903 2327 curationem,

318 2321 430 2373 414.
457 2321 720 2376 Ιηιρυηᾱιῖε
746 2335 799 2375 et
817 2321 876 2376 se
904 2336 952 2376 et
981 2331 1255 2387 proximum
1282 2321 1430 2380 ltedit.
1462 2328 1569 2376 414.
1602 2329 1821 2378 Iracundi
1845 2321 1903 2377 se

318 2387 458 2446 ipsos
487 2390 700 2448 perdunt
735 2398 790 2436 et
823 2393 1060 2446 cruciant,
1094 2390 1199 2437 409.
1251 2391 1499 2438 interdum
1524 2390 1581 2438 ad
1610 2391 1904 2438 iracundiam

317 2460 458 2514 suam
481 2451 678 2499 trahunt
711 2450 993 2514 Salvatoris
1007 2449 1174 2511 verba,
1197 2451 1304 2499 409.
1333 2453 1668 2514 Condemnant
1693 2459 1739 2500 et
1779 2453 1923 2514 ignis.

318 2512 808 2576 carriinosdaperiunt,
834 2513 944 2562 409.
978 2511 1201 2560 Iracundi
1223 2515 1306 2576 qui
1329 2513 1462 2576 diem
1504 2512 1703 2563 Domini
1729 2511 1902 2576 appel-

318 2569 444 2634 lant,
472 2569 708 2634 colligant
725 2582 893 2623 contra
919 2589 974 2622 se
999 2569 1298 2630 contractiis,
1323 2573 1430 2622 415.

381 2630 614 2696 μεωευέ
629 2635 807 2684 librum
825 2634 1022 2696 scripsit
1043 2637 1105 2684 de
1132 2636 1389 2694 l'aschate,
1414 2634 1520 2684 490.

384 2695 528 2742 lsxus
564 2698 727 2744 oblata
764 2695 1046 2746 animalium
1097 2699 1220 2745 visio
1264 2699 1554 2757 mysterium
1595 2697 1780 2749 Christi
1818 2712 1902 2754 se-

317 2755 486 2805 dentis
509 2759 560 2806 in
589 2760 764 2807 throno
802 2759 1126 2821 signiﬁcabat,
1155 2758 1262 2809 457.

1089 2824 1120 2881 J

382 2895 563 2960 JEPIITE
585 2898 1051 2960 liliteimmolatione
1071 2897 1347 2960 praebuitse
1368 2901 1569 2960 pietatis
1591 2903 1904 2950 servantissi-

319 2970 472 3024 rnum,
496 2959 604 3006 481.
631 2959 833 3024 idcirco
857 2959 1159 3011 memoratur
1190 2964 1321 3009 inter
1335 2959 1495 3023 justus
1527 2965 1578 3010 in
1601 2966 1807 3024 epistola
1842 2965 1901 3012 ad

319 3018 578 3076 Hebraaos,
619 3021 725 3071 481.
754 3023 863 3071 Vid.
905 3024 1097 3072 Votum.

379 3081 520 3132 Jescs
549 3082 680 3148 Nave
707 3090 759 3132 ut
788 3086 880 3133 soli
915 3090 969 3133 et
996 3088 1124 3134 lunas
1153 3085 1448 3148 imperaret,
1492 3087 1684 3148 accepit
1721 3099 1902 3134 nomen

318 3140 459 3199 Jesu,
484 3146 614 3204 quod
641 3155 866 3195 creatura
891 3154 1122 3194 venerata
1149 3140 1245 3199 est',

381 3205 600 3270 Joaasas
622 3219 732 3270 cum
758 3210 892 3256 misit
912 3207 1182 3270 discipulos
1203 3208 1262 3270 ad
1302 3208 1502 3265 Jesum,
1528 3221 1627 3256 non
1652 3210 1901 3270 cognove-

318 3271 396 3314 rat
419 3269 583 3318 omnia
619 3268 756 3316 illius
780 3267 1168 3327 miracula,’475.
1214 3268 1447 3318 Nonnulli
1481 3267 1902 3321 dixerunt'Joan-

318 3341 435 3376 nem
460 3330 702 3392 mittendo
729 3331 997 3392 discipulos
1039 3331 1255 3392 voluisse
1282 3331 1354 3377 eis
1393 3331 1697 3392 persuadere
1730 3331 1900 3380 Jesum

317 3401 434 3438 esse
451 3388 716 3450 Christum,
740 3388 972 3441 455.'Alii
993 3404 1110 3440 eum
1135 3388 1408 3451 dubitasse,
1434 3392 1540 3440 455.
1567 3391 1793 3440 Mittendi
1818 3407 1902 3442 oc-

317 3453 452 3500 casio
481 3451 622 3513 fuere
654 3465 884 3502 rumores
917 3454 981 3501 de
1013 3454 1162 3511 Jesu,
1186 3465 1336 3513 quem
1374 3456 1458 3501 alii
1482 3453 1776 3512 Jeremiam,
1817 3456 1901 3504 alii

319 3513 478 3562 Eliam
501 3511 750 3571 dicebant,
772 3515 879 3563 456.
920 3515 1067 3562 Jesus
1093 3511 1398 3564 demonst'at
1429 3516 1685 3574 discipulis
1710 3511 1822 3563 eum
1845 3530 1901 3564 se

320 3585 458 3626 esse.
493 3587 643 3635 quem
670 3577 887 3624 Joannes
924 3576 1238 3634 laudaverat,
1281 3576 1389 3623 456.
1426 3575 1628 3625 Joannis
1664 3575 1901 3636 baptisma

317 3648 469 3746 illam
497 3637 660 3699 legem
684 3651 780 3686 non
802 3644 927 3696 erat,
949 3637 1059 3688 455.
1083 3637 1190 3686 Non
1215 3638 1347 3686 enim
1371 3645 1572 3699 peccata
1596 3640 1901 3702 remittebat,

380 3758 472 3821 Jon
504 3772 602 3821 quo
623 3772 772 3808 sensu
796 3761 896 3808 diei
925 3760 1196 3818 maledixit,
1224 3761 1332 3809 446.

381 3820 865 3930 Jlicislaﬁiergenda
906 3835 1078 3870 eorum
1116 3826 1374 3872 morositas
1411 3825 1496 3884 qui
1543 3825 1671 3873 ultra
1704 3824 1900 3874 modum

381 3895 408 3930 ο
430 3896 497 3930 un
525 3920 537 3930 .
662 3918 674 3930 .

317 3889 537 3942 sapiunt,
565 3889 674 3930 414.

383 3943 537 4008 Jonas
557 3945 1018 4008 Salvatorisiimago
1057 3959 1155 3993 non
1193 3947 1443 4004 mendax,
1491 3947 1600 3996 465.
1646 3946 1711 3996 Ut
1751 3947 1902 3998 Jonas

317 4007 692 4070 suae_r_nissionis
725 4008 783 4056 ad
807 4005 1046 4055 Ninivitas
1066 4010 1262 4070 signum
1289 4009 1458 4058 habuit
1484 4011 1676 4058 exitum
1699 4022 1728 4057 e
1752 4016 1864 4059 ceto
1885 4047 1898 4070 ,

319 4070 391 4115 ita
412 4065 636 4117 Christus
656 4070 1093 4126 resurrectionem,
1113 4065 1225 4116 465.

383 4128 757 4240 ἐοῗὲἶέιυῗρἷι-
776 4131 1046 4193 Josephum
1066 4131 1204 4181 Deus
1224 4129 1559 4181 Israelitarum
1591 4131 1901 4181 incremento

417 4205 442 4237 ν
543 4227 556 4240 .
679 4227 690 4240 ο

357 4192 556 4252 rovidit,
581 4192 690 4240 494.

417 4205 442 4237 ν
679 4227 690 4240 .

318 4203 780 4302 Ρτῗοέῗλζόξῒιὶυπι
803 4267 974 4305 regum
996 4255 1197 4305 Israelis
1233 4259 1286 4304 et
1305 4255 1446 4303 Iudae
1477 4253 1799 4302 calidissimus
1820 4269 1901 4304 re-

315 4315 520 4377 ligionis
556 4315 804 4374 defensor,
834 4314 942 4364 471.
967 4317 1180 4367 Tristem
1204 4318 1315 4364 vitae
1360 4317 1550 4364 exitum
1574 4314 1763 4377 habuit
1787 4321 1899 4377 quia

314 4376 556 4440 Jeremlze
579 4391 676 4425 non
713 4378 952 4438 obedivit,
978 4379 1085 4427 471.
1112 4380 1232 4440 Ejus
1251 4379 1344 4440 liiii
1367 4379 1418 4426 in
1457 4376 1792 4440 captivitatem
1807 4376 1903 4427 ab-

315 4437 453 4488 ducti
489 4438 552 4487 ob
592 4441 963 4490 simulacrorum
990 4437 1206 4498 cultum,
1238 4438 1342 4488 471.
1371 4437 1532 4496 Quare
1560 4439 1789 4487 inﬁdeles
1827 4441 1901 4488 di-

316 4510 440 4609 cerle
458 4509 790 4610 lnonéptissuut
825 4501 930 4550 hac
967 4501 1117 4552 Josize
1143 4502 1412 4563 contigisse
1443 4499 1506 4548 ob
1547 4513 1685 4549 sacra
1728 4515 1900 4550 eorum

317 4573 404 4610 v10
425 4576 450 4610 a
477 4577 522 4610 a.
643 4597 658 4609 .

317 4562 522 4622 violata,
548 4562 658 4610 471.

381 4622 540 4670 Jovem
572 4623 825 4673 absorbuit
851 4625 1106 4681 Saturnus,
1133 4623 1241 4672 445.

318 4684 585 4796 ‘Bgudaica
609 4685 776 4746 opinio
798 4687 970 4736 solatia
993 4693 1195 4737 terrena
1217 4687 1266 4734 in
1289 4687 1446 4734 altera
1464 4685 1561 4734 vita
1585 4692 1899 4748 exspectare,

383 4807 574 4857 Judicia
602 4813 720 4858 sunt
749 4820 1006 4858 sermones
1045 4810 1130 4871 qui
1162 4808 1340 4857 docent
1377 4805 1812 4871 quidmfaciendum
1835 4811 1902 4858 sit

317 4874 408 4933 aut
429 4883 544 4933 non,
570 4877 622 4918 et
645 4872 842 4930 pra‘mia
865 4883 920 4918 ac
939 4867 1107 4933 parntis
1127 4867 1422 4933 proponunt,
1450 4867 1557 4918 477.

383 4931 616 4979 Judicans
663 4930 984 4992 semetipsum
1009 4930 1147 4981 extra
1195 4930 1340 4979 omne
1369 4932 1606 4980 delictum
1652 4937 1756 4988 est,
1787 4930 1895 4981 415.

318 4992 465 5055 Diem
490 4995 661 5042 statuit
688 4994 824 5041 Deus
859 4996 907 5041 in
933 5009 1027 5055 qua
1069 4995 1228 5041 omnia
1273 4997 1394 5041 mala
1438 5008 1498 5040 ex
1531 4993 1821 5041 inﬁdelitate
1846 5000 1900 5042 et

315 5052 671 5117 incredulitate
696 5064 802 5104 orta
825 5052 1096 5117 abrogahit,
1131 5055 1238 5102 512.
1268 5055 1382 5102 lla'c
1409 5055 1658 5103 restitutio
1695 5071 1720 5103 a
1756 5055 1896 5103 Chri—

317 5113 494 5164 stianis
515 5119 824 5177 praedicatur,
851 5113 962 5165 512:
989 5118 1037 5164 lu
1062 5119 1144 5165 illa
1171 5121 1255 5164 liet
1278 5119 1492 5165 onmium
1515 5118 1688 5177 anima:
1717 5123 1770 5164 et
1791 5129 1898 5164 cor-

318 5178 456 5286 Boris
484 5176 719 5226 malorum
743 5179 962 5237 abolitio,
993 5180 1100 5227 512.
1131 5179 1281 5239 Magis
1313 5177 1417 5225 Deo
1441 5176 1672 5225 convenit
1706 5185 1896 5225 mutare

359 5252 454 5286 unc
475 5245 684 5286 statum.
705 5255 849 5286 quam
875 5241 1042 5286 sinere
1089 5247 1141 5286 ut
1188 5240 1412 5286 homines
1449 5242 1658 5286 maximo
1701 5253 1896 5286 semper

359 5252 454 5287 unc
475 5245 684 5302 statum,
705 5255 849 5302 quam
875 5241 1042 5288 sinere
1089 5247 1141 5287 ut
1188 5240 1412 5287 homines
1449 5242 1658 5286 maximo
1701 5253 1898 5300 semper

318 5303 451 5348 male
471 5301 805 5360 detineantur,
831 5303 937 5350 507.
967 5304 1016 5350 in
1055 5303 1215 5349 futura
1261 5308 1443 5348 tantum
1482 5303 1580 5348 vita
1612 5303 1666 5347 lit
1706 5303 1897 5362 piorum

321 5369 374 5410 et
401 5365 664 5422 impiorum
684 5363 966 5420 discrimen,
993 5364 1098 5410 494.
1129 5363 1353 5411 l‘rmsens
1376 5365 1470 5410 vita
1497 5376 1591 5410 non
1613 5371 1691 5410 est
1707 5375 1899 5410 merces

320 5425 521 5472 virtutis
549 5439 559 5472 :
589 5429 764 5474 eadem
791 5428 884 5485 piis
920 5433 970 5473 et
995 5425 1156 5487 impiis
1179 5426 1444 5482 eveniunt,
1488 5424 1595 5472 494.
1631 5425 1800 5472 Justos
1821 5427 1899 5471 in-

321 5487 522 5534 terdum
545 5490 746 5534 extollit
773 5488 932 5540 Deus,
958 5488 1045 5534 sed
1090 5488 1136 5534 id
1165 5489 1330 5534 virtuti
1378 5493 1431 5534 ut
1474 5487 1755 5535 mercedem
1803 5499 1897 5535 non

321 5548 516 5610 tribuit,
543 5549 651 5596 494.
679 5550 774 5596 l’er
800 5549 1068 5610 Josephnm
1094 5551 1305 5610 providit
1329 5548 1563 5610 Israelilis
1582 5585 1594 5604 ,
1637 5561 1727 5608 per
1751 5548 1898 5595 Davi-

321 5608 435 5657 dem
459 5622 614 5671 regno
637 5611 858 5671 Spiritus,
881 5608 939 5658 49
953 5611 987 5657 4.
1016 5608 1263 5658 DilTernnt
1295 5610 1354 5657 ab
1395 5608 1555 5670 impiis
1595 5612 1688 5671 pii,
1711 5622 1798 5669 spe.
1847 5615 1899 5671 et

323 5670 575 5733 laboribus
594 5670 681 5732 pro
715 5672 918 5733 pietate,
947 5678 998 5719 et
1027 5677 1212 5733 magnis
1234 5684 1366 5733 same
1396 5673 1481 5719 Dei
1507 5670 1761 5732 praesidiis.
1791 5671 1846 5717 49
1861 5670 1894 5717 4.

325 5731 463 5779 Deus
491 5729 725 5779 mundum
745 5732 802 5778 ab
827 5735 954 5794 omni
991 5729 1372 5794 labe'purpaint.
1394 5729 1520 5779 57.9.-
1539 5734 1677 5792 Quod
1708 5739 1900 5792 spectat

324 5795 384 5841 ad
408 5795 586 5841 anima?
607 5800 661 5842 et
685 5793 901 5852 corporis
930 5793 1178 5842 unionem.
1204 5797 1390 5842 nullum
1413 5795 1491 5841 hic
1524 5795 1826 5854 interjustos
1847 5801 1896 5840 et

327 5859 537 5913 injustos
560 5856 844 5912 disrriattm,
869 5855 971 5903 469.
1000 5859 1194 5904 Animas
1221 5871 1246 5904 e
1276 5870 1480 5916 torpore
1521 5863 1766 5905 exeuntes
1807 5856 1898 5902 du-

1321 365 1486 430 ρυλε
1525 363 1591 417 1N
1632 362 2017 420 APPENDlCE
2056 361 2559 419 INVENIUNTUR.

3458 357 3597 416 1683

2013 487 2130 532 cunt
2156 481 2323 544 angeli
2359 481 2411 529 in
2452 481 2560 529 loca
2589 479 2950 544 convenientia
2985 490 3144 544 usque
3187 476 3244 524 ad
3270 481 3599 544 resurrectio-

2013 556 2146 602 nem,
2168 539 2274 592 470.
2305 542 2555 590 Bonorum
2587 541 2636 589 in
2671 540 2948 602 paradisum
2976 539 3399 602 ubl’lconsuetudu
3423 546 3503 602 est
3543 547 3595 602 et

2012 612 2245 667 aspectus
2277 605 2566 667 angelorum
2587 607 2657 667 et.
2676 601 2776 663 per
2799 603 3059 667 visionem,
3081 601 3237 667 ipsius
3256 601 3455 667 Christi,
3484 601 3594 667 470.

2013 661 2261 720 malorum
2283 661 2448 715 auiem
2471 663 2519 712 in
2542 661 2789 712 infernum
2807 699 2820 720 ,
2848 663 2956 711 470.
3007 661 3252 710 Judicabit
3276 661 3500 712 Christus
3527 661 3591 712 vi-

2013 741 2098 778 vos
2120 729 2340 790 quidem,
2370 728 2453 786 qui
2479 727 2815 790 tunclvivent,
2859 730 3080 790 mortuos
3103 730 3281 790 aute_m_
3313 725 3398 785 qui
3427 737 3590 773 resup-

2009 785 2152 851 gent,
2180 791 2287 838 487.
2311 785 2557 851 Judicium
2596 788 2857 851 impiorum
2897 800 2986 847 per
3009 785 3311 851 ignemﬁnis
3351 789 3431 851 est
3470 798 3590 848 pm-

2012 844 2169 899 ‘s'enlis
2197 852 2453 912 temporis,
2475 849 2583 897 469.
2626 844 2681 897 Id
2709 844 2956 912 testantur
2982 844 3212 912 apostoli,
3243 844 3499 908 prophetae
3543 853 3594 912 et

2009 912 2221 971 sibyllae,
2256 909 2608 972 469.,Tempus
2628 910 2874 958 mercedis
2898 922 2994 956 non
3019 914 3099 956 est
3120 910 3215 957 vita
3241 922 3477 972 praesens,
3507 909 3596 957 sed

2010 970 2190 1031 futura,
2218 974 2294 1022 71.
2329 971 2453 1021 Viue
2485 970 2725 1022 anteactae
2766 984 2962 1020 merces
2999 983 3095 1019 non
3146 970 3446 1032 rependitur
3478 978 3593 1020 ante

2011 1037 2452 1092 resurrectionem,
2477 1035 2537 1081 46
2549 1035 2584 1082 4.

2072 1094 2456 1205 ,Ιυεῑὲῐῑρεῗξᾶιρε
2494 1099 2611 1146 sunt
2645 1093 2939 1156 judiciorum
2997 1094 3205 1156 aequitas
3249 1093 3303 1142 in
3340 1094 3500 1155 pomis
3544 1100 3592 1144 ei

2072 1171 2177 1205 erce
2217 1171 2264 1205 e.
2387 1194 2400 1205 .

2010 1159 2264 1206 mercede.
2292 1159 2400 1206 477.

2073 1195 2401 1282 i'cé}i§és'&é£
2421 1217 2890 1282 operamdomnibus
2930 1217 3204 1282 disciplinis
3244 1229 3302 1264 ac
3342 1221 3612 1282 postremo-

2008 1280 2297 1332 Cbristianaa
2329 1279 2576 1340 adhaeret,
2610 1279 2720 1328 585.
2772 1280 2972 1330 Romam
3022 1281 3160 1326 venit
3198 1279 3442 1334 secundo,
3482 1279 3594 1340 586.

2010 1342 2184 1390 Mansit
2209 1344 2449 1391 hactenus
2493 1355 2645 1403 prope
2667 1342 2865 1392 domum
2902 1341 3098 1399 Martini
3150 1341 3400 1403 cujusdam
3423 1376 3436 1398 ,
3483 1339 3594 1403 586.

2007 1403 2209 1452 Nullum
2233 1406 2382 1453 alium
2400 1399 2672 1452 conventus
2691 1404 2848 1452 locum
2873 1405 3142 1464 cognoscit,
3165 1402 3272 1449 586.
3295 1403 3412 1464 Cum
3437 1399 3592 1452 omni-

2005 1464 2100 1513 bus
2117 1467 2176 1513 ari
2205 1479 2318 1513 eum
2355 1465 2670 1513 venientibus
2694 1467 3020 1513 communicat
3057 1465 3287 1511 veritatis.
3301 1463 3593 1522 doctrinam,

2007 1526 2116 1589 585.
2165 1527 2446 1589 Evelpistus
2469 1540 2596 1574 unus
2635 1539 2697 1574 ex
2737 1525 2871 1589 illius
2919 1525 3251 1589 auditoribus,
3301 1523 3411 1572 586.
3453 1525 3591 1589 Com-

2044 1586 2565 1636 rehensus‘adducitur
2599 1600 2760 1636 coram
2801 1588 3003 1636 Rustico
3035 1586 3266 1647 prafecto
3298 1600 3407 1634 cum
3438 1587 3590 1648 pluri'

2007 1601 2101 1696 iiiis
2123 1651 2249 1696 aliis.
2277 1650 2387 1696 585.
2413 1649 2750 1696 interrogatus
2768 1651 3027 1696 proﬁtetur
3045 1661 3101 1696 se
3126 1661 3237 1695 esse
3267 1647 3590 1696 Christianum

2045 1662 2101 1696 us
2123 1651 2249 1707 aliis,
2277 1650 2387 1697 585.
2413 1649 2750 1710 Interrogatus
2768 1651 3027 1710 proﬁtetur
3045 1661 3101 1696 se
3126 1661 3237 1710 esse
3267 1647 3591 1710 Christianum

2007 1717 2060 1774 et
2101 1707 2633 1774 veraiChristianorurﬁ
2655 1707 2882 1774 dogmata
2921 1711 3090 1771 sequi,
3135 1708 3244 1774 5852
3269 1707 3592 1774 Declaratse

2007 1771 2056 1834 i_n
2086 1771 2212 1820 votis
2228 1773 2414 1834 habere
2439 1774 2684 1822 cruciatus
2721 1770 2918 1834 perpeti
2963 1770 3167 1834 propter
3195 1770 3457 1828 Christum,
3481 1771 3590 1820 587.

2005 1831 2179 1894 Capite
2209 1833 2465 1882 damnatur
2509 1847 2616 1882 cum
2644 1831 2882 1886 soc'iis._et
2904 1831 3015 1895 post
3039 1831 3248 1882 verbera
3283 1833 3448 1882 securi
3475 1845 3590 1894 per-

2007 1897 2281 1955 cutiuntur,
2303 1896 2411 1944 587.
2447 1895 2646 1944 Illorum
2667 1908 2871 1957 corpora
2909 1897 3084 1944 lideles
3114 1895 3240 1946 clam
3260 1897 3590 1954 sustulerunt,

2007 1961 2060 2004 et
2086 1958 2136 2005 in
2160 1959 2268 2006 loco
2307 1957 2489 2007 idoneo
2509 1957 2855 2018 condiderunt,
2882 1957 2991 2006 587.

2785 2043 2834 2101 L

2063 2137 2305 2189 Laborem
2325 2155 2554 2191 manuum
2588 2141 2861 2190 ferentibus
2880 2154 2978 2188 non
3004 2142 3274 2191 verendum
3313 2152 3378 2190 ne
3418 2142 3587 2190 miseri

2005 2202 2276 2263 videamur,
2302 2204 2407 2251 416.
2435 2204 2790 2253 Tantummodo
2817 2206 3086 2252 cavendum
3126 2217 3190 2253 ne
3212 2204 3274 2252 ob
3318 2205 3620 2264 nequitiam.

2009 2265 2370 2324 vituperemur,
2393 2265 2500 2314 416.

2039 2324 2274 2435 "Legem.
2309 2325 2608 2436 E‘xllegendi
2631 2327 2822 2398 ratione
2851 2331 3215 2389 cognoscuntur
3239 2328 3612 2382 nonnullorum--

2074 2399 2129 2434 cc
2156 2401 2312 2436 tones.
2399 2405 2444 2435 ο.

2007 2389 2312 2447 alicctiones,
2336 2389 2444 2436 415.
2470 2389 2473 2390 ⁷
2711 2391 2716 2398 ’

2065 2447 2266 2510 Lenitas
2293 2451 2421 2506 ﬁcta,
2445 2449 2555 2497 415.
2581 2449 2770 2508 Quibus
2794 2450 2993 2499 indiciis
3021 2451 3265 2510 proditur,
3283 2450 3400 2510 415.

2069 2509 2170 2559 Lex
2198 2516 2279 2572 est
2294 2513 2475 2572 scripta
2501 2512 2878 2572 comprehensio
2917 2509 3106 2572 Judaici
3150 2509 3308 2559 omnis
3347 2511 3509 2560 cultus
3537 2517 3591 2558 et

2069 2525 2170 2559 Lex
2198 2525 2389 2558 esrscri
2431 2525 2475 2559 ta
2501 2525 2878 2572 comprenensno
2917 2525 3106 2561 Juaaim
3150 2525 3308 2559 omnis
3347 2525 3509 2560 cultus
3537 2525 3587 2558 et

2003 2571 2236 2634 instituti,
2259 2571 2367 2620 477.
2395 2525 2542 2634 Regis
2557 2574 2784 2626 universa
2800 2571 3010 2634 justitia,
3036 2574 3247 2634 diligere
3260 2575 3419 2623 Deum
3441 2586 3587 2633 supra

2001 2642 2058 2680 se
2084 2633 2339 2696 ipsumLet
2358 2637 2632 2695 proximum
2661 2641 2713 2682 ut
2737 2646 2792 2683 se
2815 2637 2994 2696 ipsum,
3017 2633 3254 2683 484'.’Lex
3280 2635 3340 2696 ab
3361 2635 3591 2694 Evange-

2004 2697 2072 2743 lio
2092 2709 2188 2743 non
2210 2695 2377 2743 differt
2399 2704 2632 2756 quantum
2666 2697 2723 2744 ad
2763 2695 2984 2745 discendi
3024 2697 3248 2754 modum,
3274 2695 3384 2744 482.
3409 2696 3591 2743 Diifert

2002 2763 2240 2817 quantum
2260 2758 2317 2804 ad
2344 2759 2578 2818 promissa
2601 2763 2653 2804 et
2669 2761 3054 2818 pr:estat_ionem,
3075 2757 3182 2806 482.
3205 2757 3307 2805 Lex
3327 2764 3405 2805 est
3428 2758 3591 2805 Evan-

2002 2820 2192 2882 gelium
2216 2821 2628 2882 praenuntiatum,
2657 2819 2766 2866 482.
2813 2820 3139 2882 Evangelium
3190 2820 3271 2867 lex
3301 2819 3588 2879 adimpleta,

2003 2880 2111 2930 482.
2137 2881 2236 2927 Lex
2268 2882 2461 2927 veniam
2485 2879 2631 2928 dabat
2654 2882 2868 2940 peccatis
2894 2879 3004 2929 vita:
3025 2879 3302 2929 institutum
3329 2887 3413 2928 aut
3440 2882 3588 2928 vitam

2002 2954 2098 2987 non
2125 2940 2440 3000 laedentibus,
2467 2955 2612 2990 secus
2632 2944 2672 2988 si
2695 2941 2800 2990 haec
2826 2943 3084 3000 laederent,
3111 2942 3220 2989 479.
3250 2941 3388 3002 Tunc
3419 2955 3589 3002 parem

2004 3003 2432 3062 repercussionem
2457 3002 2730 3063 inﬂigebat,
2755 3003 2862 3051 479.
2894 3003 2984 3052 Ubi
3010 3004 3060 3051 id
3081 3016 3180 3051 non
3198 3001 3429 3060 decebat,
3452 3004 3588 3063 igne.

2003 3063 2251 3124 lapidibus
2291 3070 2374 3126 aut
2396 3065 2559 3123 gladio
2583 3063 2838 3125 puniebat,
2864 3065 2995 3126 479.7
3016 3065 3068 3113 Si
3111 3065 3194 3112 lex
3236 3077 3331 3112 non
3357 3065 3588 3126 ignoscit,

2001 3127 2156 3185 gratia
2178 3125 2518 3188 paenitentiam
2542 3127 2784 3184 concedit,
2825 3126 2932 3188 484.
2979 3125 3031 3173 ln
3062 3128 3174 3188 lege
3197 3125 3440 3175 servatrix
3470 3139 3589 3187 pec-

2003 3192 2221 3233 catorum
2243 3185 2519 3234 humanitas
2540 3189 2807 3247 reperitur,
2830 3187 2938 3234 480.
2963 3188 3064 3237 Sub
3085 3185 3222 3248 L'ege
3247 3185 3586 3244 Christus'non

2005 3253 2128 3312 erat,
2155 3261 2265 3294 cum
2288 3254 2507 3312 mortuos
2531 3251 2863 3312 resuscitant,
2887 3248 2995 3297 452.
3024 3249 3143 3312 Nam
3169 3264 3197 3298 a
3229 3248 3472 3312 baptismo
3488 3264 3588 3312 au-

2003 3309 2218 3373 spicatus
2243 3314 2320 3356 est
2360 3308 2683 3371 Evangelium
2716 3311 2846 3373 quod
2871 3317 2908 3360 a‘
2932 3312 3046 3373 lege
3072 3308 3309 3359 .liberum'
3337 3317 3448 3369 est,
3475 3310 3583 3373 452.

2004 3368 2105 3432 Sub
2131 3372 2244 3431 lege
2273 3368 2766 3432 nonnulli‘iueulpati
2804 3372 2964 3428 fuere,
2984 3368 3116 3420 ⁷485.
3147 3373 3309 3432 Quare
3355 3368 3586 3420 omnibus

2003 3429 2092 3478 sub
2119 3429 2385 3495 leg'eidem
2415 3432 2649 3494 possibile
2668 3429 2780 3491 i'uit,
2815 3434 2924 3482 485.
2949 3433 3023 3483 Ex
3051 3429 3183 3495 legis
3216 3434 3451 3495 operibus
3492 3447 3584 3481 ne-

2001 3506 2082 3539 mo
2099 3494 2414 3557 justilicatur,
2439 3508 2535 3542 non
2561 3495 2692 3556 quod
2724 3495 3042 3557 impossibilia
3065 3494 3161 3543 non
3199 3494 3471 3557 possimus,
3496 3497 3587 3547 sed

2002 3555 2132 3614 quod
2158 3554 2409 3617 possibilia
2432 3569 2528 3606 non
2570 3554 2929 3613 velimus,'484.
2957 3557 3010 3605 in
3048 3554 3243 3617 legibus
3267 3554 3589 3606 observandis

2001 3617 2163 3663 minus
2206 3618 2386 3664 malum
2429 3617 2792 3678 praeferendum
2831 3618 3030 3678 majori,
3077 3619 3185 3668 451.
3233 3619 3427 3677 Moyses
3466 3619 3587 3668 dum

2003 3683 2236 3738 exportat
2277 3679 2480 3741 Josephi
2509 3693 2652 3739 ossa,
2683 3680 3027 3741 jusjurandum
3071 3681 3274 3739 Josephi
3319 3680 3586 3741 observare

2002 3741 2195 3805 maluit,
2216 3752 2373 3805 quem
2396 3740 2556 3803 legem
2579 3740 2874 3805 demortuis
2904 3755 3008 3805 non
3045 3744 3322 3805 tangendis,
3348 3741 3454 3790 451.
3503 3740 3586 3790 Sic

2001 3802 2307 3849 circumcisio
2331 3802 2621 3852 observatur
2651 3803 2700 3851 in
2726 3803 2960 3860 Sabbato,
2988 3803 3096 3852 451.

2064 3861 2301 3927 Libertas
2331 3869 2496 3913 nostra
2542 3871 2595 3912 et
2615 3865 2706 3914 Dei
2731 3866 2968 3927 patientia
3005 3866 3306 3925 ostenditur,
3341 3878 3452 3916 cum
3472 3877 3588 3927 per-

2000 3924 2155 3987 mittit
2179 3931 2234 3971 ut
2255 3924 2412 3987 libere
2439 3939 2720 3987 peccemus,
2742 3927 2849 3974 512.
2876 3926 2980 3976 Nec
3001 3928 3120 3976 honi
3152 3924 3325 3975 essent
3360 3924 3588 3984 homines

2001 3998 2095 4033 nec
2114 3985 2251 4049 Deus
2268 3985 2450 4049 bonus,
2467 3989 2507 4035 si
2527 3987 2732 4036 deesset
2752 3987 2893 4036 nobis
2907 3989 3128 4049 libertas,
3149 3988 3256 4037 512.
3283 3990 3420 4039 Deus
3445 3990 3586 4037 nobis

2001 4059 2114 4116 esse
2133 4047 2290 4116 dedit,
2314 4056 2366 4096 et
2389 4047 2670 4098 facultatem
2713 4051 3043 4116 cognoscendi
3077 4047 3259 4116 bonum
3294 4059 3348 4116 et
3381 4053 3583 4116 malum,

2001 4107 2112 4172 444.
2140 4107 2246 4156 Non
2274 4116 2437 4172 tamen
2462 4123 2604 4160 causa
2630 4107 2822 4172 estcur
2853 4110 2968 4160 boni
3009 4119 3094 4160 aut
3134 4113 3251 4160 mali
3291 4113 3472 4172 simus,
3495 4107 3584 4160 sed

2002 4168 2214 4234 liberum
2249 4169 2525 4234 arbitrium,
2551 4171 2661 4218 444.
2688 4171 2809 4234 Nam
2833 4175 3050 4234 cognitio
3088 4187 3184 4220 non
3210 4187 3358 4223 causa
3383 4168 3467 4222 est
3497 4187 3586 4222 cur

2001 4231 2114 4278 boni
2139 4239 2224 4281 aut
2248 4232 2363 4280 mali
2397 4235 2567 4293 simus,
2594 4233 2684 4282 sed
2707 4231 2921 4283 liberum
2956 4234 3212 4284 arbitrium
3229 4272 3242 4293 ,
3268 4235 3376 4284 444.
3405 4236 3588 4284 Diil‘ert

2001 4293 2050 4356 id
2071 4293 2202 4353 quod
2235 4294 2283 4356 in
2311 4293 2453 4356 nobis
2474 4302 2570 4347 est.
2593 4294 2652 4342 ab
2677 4307 2739 4343 eo
2761 4297 2891 4356 quod
2912 4297 2962 4344 in
3003 4297 3142 4344 nobis
3162 4298 3307 4343 situm
3351 4303 3447 4353 est,
3471 4296 3526 4342 44
3541 4298 3581 4344 4.

2004 4353 2142 4417 Deus
2160 4355 2295 4403 dedit
2309 4355 2449 4404 nobis
2469 4357 2645 4417 agendi
2661 4353 2935 4416 facultates,
2951 4359 3039 4405 sed
3059 4373 3142 4406 eas
3165 4357 3393 4406 submisit
3426 4357 3586 4405 libero

2001 4414 2231 4474 arbitrio,
2280 4417 2390 4464 444.
2418 4414 2557 4476 Quod
2581 4419 2791 4466 liberum
2813 4427 2891 4467 est
2915 4414 2940 4467 a
2967 4422 3287 4477 necessitate,
3307 4419 3588 4478 vituperari

2003 4491 2101 4525 non
2132 4483 2316 4538 potest,
2360 4491 2658 4541 quocunque
2698 4481 2797 4530 liat,
2823 4480 2994 4538 modo,
3021 4481 3128 4527 482.
3159 4479 3337 4528 Libero
3377 4480 3586 4534 arbitno

2003 4541 2250 4600 posterius
2272 4541 2400 4600 quod
2422 4540 2602 4590 accidit
2627 4543 2675 4588 in
2700 4542 2761 4588 iis
2783 4555 2894 4600 qua)
2920 4542 3077 4589 libere
3101 4544 3242 4601 tiunt,
3267 4540 3374 4590 577.

2061 4601 2349 4648 LIBERIANL‘S
2373 4611 2574 4661 martyr,
2600 4603 2709 4659 585,
2741 4603 2850 4650 587.

2062 4661 2306 4726 Liligator
2332 4671 2542 4721 astutus,
2565 4666 2651 4726 qui
2689 4676 2744 4711 se
2767 4671 2874 4726 arte
2896 4664 3104 4724 quadam
3143 4665 3347 4713 minime
3387 4667 3584 4711 contra-

1999 4724 2210 4786 dicendo
2232 4727 2561 4786 superandum
2587 4724 2752 4782 tradit,
2780 4725 2888 4774 415.

2063 4785 2221 4834 Locus
2239 4785 2455 4835 omnium
2481 4789 2682 4848 primus,
2701 4785 2808 4848 564.
2832 4787 2992 4835 Locus
3017 4788 3405 4848 magnitudinem
3432 4787 3602 4841 habet,

2002 4861 2096 4894 non
2126 4861 2244 4918 vero
2269 4848 2596 4918 corp_t_i‘s,_564.
2623 4847 2870 4918 Quidquid
2921 4857 2996 4896 est
3025 4852 3072 4897 in
3113 4847 3222 4898 loco
3258 4856 3336 4898 est
3376 4848 3580 4909 alicubi,

2002 4922 2096 4957 non
2122 4911 2352 4969 vicissim,
2381 4912 2490 4958 565.

2746 5019 2809 5076 Μ

2063 5113 2262 5176 Magicze
2304 5115 2937 5176 operationes.rApollonii.~
2973 5119 3212 5178 impetum
3261 5120 3434 5177 maris,
3484 5112 3584 5168 vim

2000 5183 2276 5230 ventorum.
2305 5177 2513 5225 murium
2538 5185 2590 5225 et
2613 5178 2824 5225 ferarum
2847 5177 3155 5229 incursitines
3184 5179 3422 5228 cohibere
3450 5181 3571 5229 lere-

1999 5239 2200 5290 bantun.
2240 5238 2347 5286 449.
2378 5240 2548 5288 Adhuc
2581 5238 2816 5300 vigebant
2854 5242 3028 5300 quinto
3067 5244 3278 5297 sarculo,
3324 5241 3436 5288 450.
3481 5241 3580 5290 Has

2000 5300 2221 5348 Christus
2246 5315 2340 5348 non
2367 5300 2583 5348 abolevit
2604 5304 2714 5362 quia
2743 5303 2947 5350 scientia
2976 5311 3162 5351 naturaa
3196 5304 3370 5351 virium
3392 5304 3450 5350 ad
3474 5317 3583 5352 cor-

1999 5376 2207 5424 pureum
2218 5362 2479 5424 hominum
2504 5377 2647 5411 usum
2670 5363 2965 5423 edebantur,
3003 5365 3101 5412 450.
3136 5364 3255 5412 Nam
3289 5366 3582 5424 Apollonius

1999 5421 2049 5472 in
2079 5421 2308 5471 erunibus
2331 5425 2676 5474 eil'ectionibus
2696 5439 2821 5487 opus
2841 5421 3011 5474 habtlil.
3035 5432 3259 5485 materia,
3284 5421 3391 5474 4350.

2066 5487 2241 5534 Malum
2267 5489 2387 5535 nihil
2426 5489 2558 5536 aliud
2581 5503 2726 5549 quam
2769 5490 3055 5548 depravatio
3079 5490 3223 5550 boni,
3401 5488 3583 5538 Malum

2002 5550 2215 5596 essentia
2238 5551 2426 5612 nullum
2450 5552 2562 5599 vitae
2579 5559 2760 5600 nostrae
2778 5552 3077 5612 adjunctum,
3098 5553 3208 5599 459.
3232 5551 3382 5598 Nobis
3401 5559 3582 5611 sponte

2001 5611 2401 5669 pervertentibus
2444 5615 2568 5660 bona
2598 5615 2719 5661 ﬁunt
2767 5611 2889 5662 mala
2913 5651 2925 5669 ,
2951 5611 3068 5662 459.
3100 5614 3229 5662 Nihil
3266 5615 3446 5660 malum
3487 5613 3583 5661 nisi

2002 5669 2220 5730 perboni
2255 5673 2640 5732 perversionem.
2669 5675 2772 5721 459.
2799 5676 2972 5724 Malum
3002 5677 3329 5724 necessarium
3358 5682 3409 5720 et
3435 5682 3584 5722 reter-

2002 5746 2129 5796 ηιηιιΔ
2152 5735 2542 5796 Ινιρυγηιψυιλὶιιη·
2566 5753 2589 5782 a
2615 5737 2839 5790 Platone,
2864 5738 2971 5784 555.
3013 5738 3122 5785 Mali
3147 5740 3256 5784 dua:
3283 5739 3481 5796 species
3502 5748 3583 5782 se-

2002 5793 2214 5841 cundum
2254 5793 2564 5852 Manichazos,
2591 5798 2697 5844 508.
2728 5799 2872 5845 Aliud
2903 5799 3172 5847 substantia
3205 5793 3406 5856 malum,
3451 5797 3583 5844 aliud

2007 5859 2184 5906 malum
2209 5860 2438 5905 ell‘ectum
2473 5871 2564 5906 non
2595 5859 2774 5921 libere,
2801 5861 2888 5908 sed
2914 5861 3205 5924 operatione
3247 5861 3428 5924 illius...
3453 5858 3585 5923 quod
