3984 6256
404 356 540 412 1637

397 478 669 538 substantia
691 476 872 525 malum
895 478 991 533 est,
1017 473 1122 522 508.
1152 471 1414 523 Christiani
1453 474 1558 538 haec
1581 474 1837 535 rejiciunt,
1862 476 1972 538 509,

399 538 509 598 5,11.
535 539 635 587 Sed
658 536 965 598 impietatem
991 548 1233 583 summum
1267 548 1382 584 esse
1428 536 1612 585 malum
1653 536 1978 597 contendunt,

398 597 519 647 ibid.
550 599 666 648 Hinc
706 597 854 646 tertia
892 598 1087 658 species
1108 598 1283 644 summi
1332 598 1475 655 mali,
1517 597 1626 647 509.
1676 598 1853 647 Malum
1891 612 1981 658 pro

398 662 528 709 malo
548 674 644 708 non
666 660 885 708 reddidit
921 659 1105 708 Paulus
1139 659 1357 719 pontiﬁci
1400 664 1485 719 aut
1521 660 1822 717 Alexandro,
1868 659 1977 707 494.

398 719 662 770 Praedictio
684 721 771 769 fuit
795 720 905 779 ejus
920 733 1102 777 sermo,
1128 718 1223 768 non
1253 718 1558 773 maledictio.
1586 720 1692 769 494.
1722 722 1981 771 Summum

396 785 581 844 malum
606 783 862 844 negant_in
882 782 999 844 hoc,
1016 787 1147 830 statu
1172 793 1287 830 esse
1310 781 1584 839 increduli,
1604 781 1713 837 507,
1756 783 1867 831 508.
1912 785 1981 832 At

399 842 757 905 ignorationem
780 842 873 891 Dei
897 842 1133 903 probatur
1165 855 1542 905 esseSummum
1566 844 1765 902 malum,
1787 844 1896 891 508.

462 906 714 955 Manichmi
759 904 1126 968 duohprincipia
1168 904 1451 965 admittunt,
1478 905 1585 953 495.
1618 906 1750 956 Duas
1781 908 1978 968 species

462 918 714 955 manicuaat
759 918 857 953 auo
921 918 1044 952 nnci
1081 918 1096 953 ι

399 969 514 1016 mali
539 968 825 1025 admittunt,
853 918 963 1023 588,
989 918 1098 1015 5111.

462 1029 619 1076 Manu
639 1040 812 1077 omnes
836 1029 1075 1076 mulieres
1098 1028 1278 1076 virtute
1298 1027 1581 1088 superabat,
1603 1028 1712 1076 501.
1738 1029 1836 1078 Per
1854 1029 1980 1078 hanc

394 1097 657 1139 Consecuta
679 1095 734 1137 ut
756 1089 893 1150 virgo
919 1094 1078 1136 mater
1095 1090 1259 1148 fieret,
1279 1088 1386 1138 5‘)1.
1408 1088 1604 1138 Mariam
1627 1096 1837 1140 matrem
1853 1105 1978 1139 nun-

395 1165 540 1211 quam
563 1151 837 1213 objurgavit
862 1151 1099 1210 Cbristus,
1129 1150 1238 1199 501.

462 1211 726 1271 Mammas,
753 1211 861 1259 586.

458 1274 723 1383 Mgr‘tsyrum
745 1273 1019 1322 constantia
1049 1279 1398 1334 argumentum
1440 1272 1618 1322 futurae
1648 1275 1977 1322 resurrectio-

458 1350 487 1383 ι.
608 1371 622 1383 .

392 1348 487 1389 bis,
514 1348 622 1385 ῡιῦ.

458 1396 660 1445 Materia
697 1409 797 1444 non
821 1396 1047 1452 exsistit,
1070 1395 1165 1457 nisi
1206 1396 1391 1457 aliquid
1429 1397 1523 1454 sit,
1567 1396 1674 1444 555.
1721 1394 1974 1445 Materiam

393 1471 489 1521 non
532 1471 644 1507 esse
679 1458 949 1521 ingenitam
976 1456 1239 1521 probatur,
1266 1456 1521 1521 559ζ
1569 1457 1821 1521 Materiam
1852 1471 1975 1521 esse

391 1520 715 1569 substantiam
737 1517 1008 1577 'probatur,
1033 1517 1151 1577 552,
1180 1518 1300 1576 555,
1343 1519 1450 1568 555.
1480 1519 1680 1567 Materia
1726 1518 1977 1568 exsiStens

390 1588 509 1629 ante
549 1578 820 1629 materiaiia
843 1617 855 1639 ,
882 1580 988 1627 555.
1014 1578 1117 1628 Nec
1161 1579 1350 1628 sublata
1383 1578 1722 1629 materialibus
1747 1580 1973 1639 sublatis,

389 1641 503 1692 555.
528 1642 598 1691 Ex
624 1644 829 1690 materia
852 1648 946 1689 nec
967 1642 1236 1703 quantitas,
1264 1654 1359 1690 nec
1381 1644 1617 1703 qualitas,
1658 1642 1750 1690 552
1800 1644 1850 1689 In
1874 1655 1976 1691 ma-

391 1705 517 1751 teria
542 1704 697 1752 forma
724 1708 846 1765 est,
866 1709 920 1750 ut
951 1701 1070 1750 ordo
1103 1704 1151 1765 in
1178 1701 1239 1750 iis
1261 1716 1372 1765 qum
1394 1701 1700 1762 Ordinantur,
1724 1704 1833 1752 552.
1872 1703 1975 1751 Ma-

390 1768 518 1814 teria
544 1766 755 1815 afficitur
779 1779 805 1813 a
828 1764 977 1811 forma
999 1771 1051 1812 et
1075 1762 1369 1825 privatione,
1398 1772 1453 1814 ut
1474 1766 1620 1813 homo
1647 1780 1673 1813 a
1697 1766 1897 1814 musico'
1922 1769 1977 1813 et

389 1833 453 1874 ab
477 1828 752 1887 immusico,
780 1826 890 1875 552.
921 1825 983 1873 Ut
1009 1828 1214 1874 materia
1253 1825 1519 1885 informis,.
1542 1828 1606 1874 ita
1632 1826 1782 1876 forma
1805 1829 1976 1876 imma-

391 1890 600 1946 terialis,
625 1889 732 1938 555.
756 1888 809 1937 Si
835 1889 1039 1936 materia
1072 1894 1124 1950 et
1148 1888 1257 1947 ejus
1284 1887 1494 1936 informe
1516 1889 1615 1936 duo
1652 1895 1769 1937 sunt
1791 1890 1976 1950 princi-

427 1951 467 1997 ia
487 1986 499 2007 ,
545 1952 677 2011 idem
717 1950 978 2011 dicendum
1004 1950 1067 1996 de
1091 1947 1244 1997 forma
1268 1955 1323 1998 et
1357 1951 1466 2011 ejus
1506 1947 1839 2007 immateriali,
1861 1951 1972 1999 555.

440 2009 593 2060 ateria
635 2024 837 2073 semper
877 2010 1141 2069 subjicitur
1173 2013 1257 2059 uni
1286 2009 1671 2067 contrariorum,
1697 2012 1865 2061 formae
1890 2012 1972 2060 vel

389 2074 665 2133 privationi,
687 2073 799 2122 551.
826 2074 894 2121 Ex
922 2074 1129 2120 materia
1156 2078 1256 2121 tota
1296 2074 1391 2121 iste
1417 2074 1653 2133 mundus,
1676 2074 1783 2123 573.
1816 2074 1975 2123 Mate-

388 2132 527 2197 rialis
550 2134 678 2183 ratio
700 2136 948 2197 posterior
973 2134 1305 2197 immateriali,
1328 2135 1435 2183 575.

453 2194 759 2245 Matrimonia
782 2209 894 2246 cum
918 2194 1194 2257 gentilibus
1216 2196 1402 2257 Joseph
1427 2202 1479 2244 et
1516 2196 1711 2256 Moyses
1738 2196 1974 2244 ineuntes

389 2270 487 2305 nun
510 2263 832 2306 recesserunt
854 2272 878 2305 a
899 2265 1093 2318 patrum
1116 2260 1394 2318 proposito,
1420 2258 1527 2306 476.
1553 2258 1669 2306 Nam
1706 2272 1819 2306 suas
1849 2271 1973 2305 uxo-

389 2332 472 2366 res
493 2319 823 2381 ad_propriam
848 2320 1217 2381 transtulerunt
1229 2320 1544 2381 religionem,
1569 2320 1673 2367 476.
1706 2319 1971 2381 Commoda

389 2388 443 2427 et
465 2378 710 2429 utilitates
733 2380 871 2429 illius
893 2380 1023 2442 legis
1046 2386 1104 2428 ut
1130 2378 1351 2431 defuncti
1392 2378 1555 2430 fratris
1578 2394 1785 2429 uxorem
1820 2380 1974 2429 frater

388 2448 620 2497 assumat,
640 2442 751 2499 498,
777 2442 887 2489 499.

450 2502 689 2551 Medicina
713 2504 984 2551 animarum
1007 2503 1132 2564 nulli
1155 2504 1335 2564 gentili
1360 2507 1575 2564 cognita,
1601 2501 1707 2550 462.
1737 2502 1971 2552 Remedia

388 2566 607 2672 ἳίὲἕροτὶε
630 2564 783 2613 multa
806 2565 957 2613 etiam
980 2578 1007 2613 a
1033 2562 1129 2626 piis
1149 2562 1371 2625 inventa,
1399 2562 1455 2614 ac
1474 2573 1613 2614 certe
1636 2581 1663 2613 a
1685 2564 1969 2624 Salomone,

454 2686 750 2745 “sumentis,
773 2686 883 2743 504,
904 2686 1011 2735 505.

453 2748 589 2795 Mens
617 2762 738 2809 pura
764 2748 904 2797 nobis
929 2750 1076 2798 insita
1122 2754 1229 2807 est,
1265 2749 1372 2797 425.
1414 2749 1513 2798 Per
1538 2749 1662 2797 hanc
1688 2758 1821 2809 saepe
1859 2759 1972 2807 qua

388 2822 534 2869 supra
559 2822 649 2857 nos
666 2817 781 2859 sunt
822 2812 1011 2859 ratione
1050 2809 1485 2872 apprehendimus,
1508 2810 1614 2859 425.
1656 2810 1756 2859 Sed
1804 2816 1968 2872 tamen

388 2873 517 2934 socia
540 2884 687 2920 carne
727 2878 1029 2934 praegravata
1073 2870 1154 2921 res
1197 2874 1410 2934 majores
1451 2885 1543 2919 non
1588 2874 1829 2934 sustinet,
1855 2870 1964 2918 425.

388 2931 518 2994 Nihil
540 2944 707 2981 rerum
731 2931 1007 2982 divinarum
1028 2931 1310 2983 hominibus
1334 2941 1557 2994 apertum
1574 2969 1587 2993 ,
1615 2933 1726 2981 425.

450 2993 613 3043 Metus
654 2995 706 3043 in
732 2996 822 3044 hac
844 2996 939 3043 vita
964 2996 1279 3045 necessarius
1302 3010 1313 3043 :
1337 2991 1435 3043 non
1455 2991 1585 3045 enim
1610 2994 1776 3043 abolet
1808 2991 1971 3040 chari-

388 3060 560 3114 tatem,
582 3054 691 3106 480.
719 3057 987 3106 Possumus
1011 3058 1241 3105 eumdem
1260 3069 1424 3105 amare
1445 3062 1499 3105 et
1520 3059 1715 3105 timere.
1740 3056 1846 3113 Quo
1867 3067 1972 3102 ma-

389 3118 464 3177 gis
488 3131 737 3181 amamus,
756 3132 822 3181 eo
844 3120 1001 3181 magis
1034 3121 1265 3168 timemus
1286 3155 1299 3181 ,
1344 3131 1409 3168 ne
1454 3132 1515 3168 eo
1559 3118 1693 3179 quod
1731 3128 1969 3175 amamus,

388 3180 691 3239 excidamus,
715 3179 823 3228 480.

451 3235 687 3291 Miracula
704 3254 856 3303 opera
885 3241 1069 3295 divina,
1094 3241 1205 3301 457,
1234 3241 1341 3291 549.
1369 3240 1561 3303 Divina)
1599 3235 1968 3303 virtutes,_559.

390 3302 457 3353 Ea
483 3315 580 3351 non
603 3301 810 3364 possunt
832 3305 986 3353 edere
1012 3305 1278 3359 dremones,
1318 3302 1425 3351 457.
1452 3302 1552 3351 Per
1576 3302 1813 3364 miracula
1840 3301 1972 3364 Deus

389 3364 536 3412 fidem
560 3359 841 3427 conciliavit
866 3365 1285 3427 prophetis,r549.
1314 3364 1545 3413 Miracula
1586 3364 1767 3427 Moysis
1792 3359 1974 3427 fiebant

391 3438 481 3486 per
506 3425 828 3475 mutationem
852 3424 1057 3486 naturae,
1082 3426 1192 3474 451.
1228 3430 1292 3475 At
1314 3427 1647 3474 incantatores
1667 3424 1767 3486 ὀρθ
1792 3424 1973 3486 daemo-

389 3483 504 3534 num
544 3486 819 3549 praestigias
844 3483 1083 3546 edebant,
1109 3487 1215 3535 451.
1263 3487 1445 3537 Oculos
1474 3483 1811 3548 _spectantium
1834 3483 1976 3532 deci-

390 3548 619 3611 piebant,
636 3556 691 3598 ut
712 3548 849 3611 quasi
877 3556 1164 3611 serpentem
1188 3551 1497 3611 aspicerent,
1517 3550 1601 3609 qui
1642 3559 1851 3608 serpens
1871 3557 1973 3611 non

388 3606 515 3672 erat,
540 3610 649 3660 451.
678 3606 911 3659 Miracula
936 3606 1159 3661 Christus
1182 3606 1338 3659 edidit
1377 3606 1549 3658 divina‘
1564 3606 1832 3672 potestate,
1860 3606 1969 3672 450.

389 3668 644 3733 Non'opus
666 3672 839 3721 habuit
873 3675 1108 3729 materia,
1132 3673 1221 3721 sed
1246 3673 1355 3734 ejus
1379 3668 1682 3733 praeceptum
1716 3674 1775 3734 et
1794 3668 1973 3730 praedi-

388 3732 607 3781 ctionem
653 3748 735 3782 res
758 3734 1123 3796 sequebantur,
1157 3732 1286 3783 45οζ
1309 3732 1393 3783 At
1415 3732 1706 3794 Apollonius
1725 3732 1848 3796 _sine
1871 3743 1974 3777 ma-

389 3796 663 3857 teria‘nihil
688 3793 849 3857 potuit
888 3793 1124 3853 efficere,
1163 3796 1275 3844 450.
1321 3793 1500 3857 Christi
1533 3793 1769 3843 miracula
1794 3794 1846 3840 in
1892 3804 1973 3857 sa—

391 3854 566 3918 nandis
588 3854 874 3918 corporibus
896 3858 1027 3905 edita
1052 3862 1396 3918 argumentum
1421 3855 1604 3918 futuraa
1642 3855 1974 3904 resurrectio-

391 3914 483 3975 nis,
509 3918 616 3965 594.
642 3914 874 3967 Miracula
894 3914 1130 3970 Ecelesiis
1147 3920 1395 3966 concessit
1414 3917 1569 3976 Deus,
1593 3922 1647 3965 ut
1671 3929 1840 3966 verum
1859 3926 1973 3962 esse

389 3979 773 4029 orthodoxorum
796 3982 981 4029 cultum
998 3987 1210 4037 constet,
1236 3980 1344 4028 481.
1373 3979 1603 4028 Miracula
1628 3976 1677 4026 in
1715 3977 1971 4035 Ecclesiis,

391 4041 541 4103 etiam
564 4039 655 4103 sub
677 4042 758 4103 iis,
783 4055 894 4103 qum
927 4039 1190 4090 haereticos
1211 4046 1349 4089 vocat
1379 4046 1551 4090 auctor
1595 4041 1770 4098 Quasi.
1799 4038 1865 4087 ad
1889 4050 1973 4087 ar-

392 4099 527 4149 thod.
556 4102 661 4149 484.
705 4102 772 4151 Ea
798 4099 947 4162 negat
994 4103 1099 4149 ﬁeri
1130 4116 1221 4164 per
1253 4103 1513 4151 haereticos
1537 4103 1677 4150 vivos
1715 4108 1819 4164 aut
1839 4112 1974 4164 mor-

393 4164 645 4235 tuos,.se_d
671 4177 763 4235 per
786 4161 1053 4234 apostolos,
1076 4161 1344 4235 prliphetas
1370 4170 1422 4235 et
1446 4170 1705 4235 martyres,
1882 4161 1971 4235 Mi:

389 4224 570 4273 raculis
585 4224 829 4273 obsistere
852 4239 947 4273 non
966 4226 1065 4286 jam
1082 4224 1531 4273 lest’involuntarize
1552 4225 1867 4287 ignorantiae,
1881 4224 1969 4271 sed

390 4288 618 4346 cogitatae
642 4301 751 4336 cum
782 4288 884 4335 Deo
915 4301 1109 4349 pugnas,
1148 4287 1256 4335 487.
1280 4290 1397 4345 Quas
1436 4286 1587 4348 supra
1606 4293 1823 4334 naturam
1848 4286 1973 4349 ﬁunt

390 4349 439 4395 in
466 4354 655 4406 natura,
686 4349 880 4408 probari
906 4348 1001 4397 non
1029 4355 1235 4408 possunt
1262 4350 1429 4406 petitis
1464 4361 1527 4395 ex
1562 4355 1735 4396 natura
1764 4348 1969 4394 rationi-

390 4409 501 4469 bus,
526 4409 635 4457 401.
660 4409 936 4459 Morborum
969 4412 1278 4467 sanationes,
1323 4410 1599 4459 dzemonum
1628 4409 1968 4470 expulsiones,

390 4470 637 4533 fructuum
659 4480 806 4521 terrm
832 4478 1119 4533 proventus,
1147 4478 1199 4519 et
1220 4472 1321 4533 olei
1346 4469 1830 4533 scaturigines,:445.
1854 4469 1971 4533 Haec

390 4531 441 4579 in
468 4534 696 4581 ecclesiis
716 4530 1077 4592 haereticorum,
1102 4532 1373 4581 secundum
1399 4530 1649 4581 auctorem
1683 4532 1859 4590 Quwst.
1901 4530 1968 4579 ad

388 4593 606 4655 orthad.,
629 4592 737 4644 445.
763 4597 863 4643 Sed
887 4608 1107 4643 errorem
1136 4609 1229 4642 non
1254 4596 1556 4655 confirmant,
1582 4593 1826 4655 445νν111.
1848 4594 1965 4655 Νοι.

391 4654 659 4716 Martyrum
700 4659 921 4717 reliquize
956 4663 1129 4705 sanant
1152 4654 1345 4703 morbos
1369 4655 1695 4713 insanabiles,
1724 4654 1831 4703 452.
1860 4654 1971 4702 Fal-

388 4730 499 4765 sum
523 4725 602 4767 est
624 4716 876 4768 daamon’es
899 4718 961 4767 ob
996 4724 1331 4778 contemptum
1370 4719 1676 4766 oraculorum
1701 4728 1877 4778 pinnas
1887 4716 1972 4778 1η-

392 4780 567 4828 tulisse
592 4786 645 4830 et
685 4779 926 4828 beneﬁcia
948 4780 1010 4829 ob
1041 4775 1227 4829 cultum
1266 4780 1667 4836 simulacrorum,
1701 4775 1819 4825 457.
1861 4775 1970 4826 Non

388 4841 527 4889 inest
544 4841 1091 4902 daamonibus’potentia
1123 4842 1272 4889 ultrix
1314 4854 1408 4889 non
1434 4840 1775 4889 obedientium
1805 4844 1859 4886 et
1877 4837 1970 4902 be-

389 4903 547 4951 neﬁca
570 4902 619 4950 in
642 4900 962 4962 obedientes,
990 4904 1097 4951 457.
1124 4902 1224 4949 Per
1266 4905 1606 4963 ventriloquos
1635 4902 1888 4949 daemones
1907 4900 1969 4947 il-

388 4964 763 5020 luduntoculis.
792 4972 845 5015 ut
889 4965 1031 5027 quasi
1069 4977 1271 5025 corpora
1298 4963 1520 5024 videant,
1555 4976 1667 5024 qua
1706 4975 1805 5010 non
1851 4966 1969 5012 sunt

388 5037 611 5073 corpora.
636 5027 747 5073 472.

388 5037 611 5084 corpora,
636 5028 747 5075 472.

502 5088 721 5137 oderatio
746 5087 979 5146 tenenda,
996 5099 1053 5136 ac
1073 5087 1195 5134 nihil
1216 5085 1360 5135 valde
1376 5084 1564 5135 humile
1583 5084 1965 5147 exquirendum,

390 5160 491 5212 nec
508 5162 677 5198 rursus
699 5151 1064 5212 magnificentia
1079 5186 1090 5206 ,
1118 5148 1224 5198 410.

455 5211 673 5261 Monachi
707 5210 840 5274 saepe
882 5217 1111 5274 quaerunt
1152 5223 1215 5259 an
1262 5210 1411 5259 liceat
1451 5210 1816 5259 communicare
1855 5213 1970 5272 post

390 5275 578 5324 Somnia
611 5272 889 5331 inhonesta,
916 5272 1023 5319 448.

453 5336 663 5385 Monitor
683 5338 888 5384 aliorum
910 5346 965 5381 se
986 5336 1147 5395 ipsum
1188 5334 1500 5383 considerare
1524 5332 1701 5392 debet,
1728 5331 1834 5382 414.
1863 5332 1967 5395 M0:

390 5400 647 5459 nitoriqui
672 5402 954 5455 succenset,
975 5393 1128 5459 Adam
1160 5401 1217 5459 et
1244 5396 1393 5444 Evam
1433 5397 1669 5459 imitatur,
1694 5407 1803 5443 cum
1840 5393 1967 5445 mori

388 5456 649 5523 oporteret
669 5474 777 5508 cum
803 5459 1013 5523 Christo,
1042 5458 1147 5505 410.
1176 5456 1468 5523 Mo‘nitorem
1501 5457 1664 5506 odisse
1706 5466 1788 5507 aut
1822 5470 1967 5519 sper-

390 5518 512 5573 nere
536 5524 807 5583 arrogantis
826 5528 904 5569 est
922 5521 1152 5576 hominis,
1178 5518 1286 5578 412,
1308 5520 1415 5583 415.

452 5585 581 5633 Mors
604 5578 825 5633 an'imalis
846 5588 941 5637 est,
964 5594 1059 5629 non
1092 5583 1284 5641 animae,
1312 5580 1419 5628 470.
1443 5580 1626 5629 Natura
1650 5593 1714 5628 ex
1734 5578 1825 5628 Dei
1851 5581 1966 5641 lege

390 5647 615 5697 mortalia
638 5646 801 5695 omnia
843 5645 902 5693 ad
929 5645 1074 5692 vitam
1107 5650 1161 5691 et
1200 5643 1259 5704 ad
1310 5644 1675 5704 corruptionem
1718 5642 1963 5704 perducit,

390 5708 498 5757 496.
530 5708 579 5756 In
602 5709 679 5757 his
702 5709 889 5755 nullum
931 5705 1154 5753 animalis
1184 5703 1247 5752 ob
1268 5702 1508 5753 rationem
1547 5702 1829 5759 discrimen,
1855 5702 1962 5750 496.

392 5771 560 5820 Divina
594 5770 907 5818 Providentia
934 5768 989 5815 fit
1022 5774 1075 5815 ut
1108 5771 1316 5814 mortem
1359 5765 1448 5815 sibi
1483 5764 1692 5814 invicem
1735 5764 1963 5821 inferant,

390 5831 494 5881 496.
524 5831 713 5894 Nempe
741 5838 794 5882 ut
814 5832 1011 5892 indigna
1036 5830 1129 5881 Dei
1159 5828 1345 5877 honore
1376 5836 1425 5877 et
1448 5828 1779 5889 appellatione
1808 5839 1961 5884 agno-

1743 356 1813 413 IN
1819 357 1956 412 DEX
1996 356 2238 415 REBUM

3523 361 3670 420 1638

2088 483 2306 543 scantur,
2330 476 2438 543 496.
2467 476 2767 543 Necmortts
2794 479 2930 529 Deus
2953 490 3044 543 nec
3081 474 3442 543 inobedientim
3464 487 3670 543 auctor,

2086 539 2190 587 155.
2218 538 2473 587 Mortalem
2496 540 2615 588 fecit
2654 542 2903 589 hominem
2926 541 3016 588 sed
3049 553 3147 588 non
3170 548 3402 599 mortem,
3428 541 3539 591 155.
3563 538 3671 593 Non

2081 602 2217 647 enim
2257 603 2539 663 necessario
2560 604 2768 650 moritur
2790 602 2921 663 quod
2945 602 3153 663 mortale
3174 608 3268 658 est,
3296 601 3404 650 155.
3437 603 3568 652 Mors
3589 609 3673 653 in-

2118 674 2249 709 ressa
2274 668 2353 709 est
2386 662 2599 711 hominis
2636 661 3007 719 inobedientia,
3044 661 3149 710 155.
3190 664 3342 712 Corru
3384 663 3670 714 tibilitatem

2078 674 2130 770 fu
2155 723 2391 770 singulis.
2412 722 2931 770 incorruntibilitatem
2957 726 3007 770 in
3036 721 3281 770 universis
3308 678 3464 770 egicit
3507 726 3667 770 Dens-

2100 736 2132 786 ῃ
2150 723 2391 786 singulis,
2412 722 2931 786 incorruptibilitatem
2957 726 3007 772 in
3036 721 3281 786 universis
3308 721 3464 774 efﬁcit
3506 726 3667 786 Dens,

2079 782 2187 850 541.
2204 782 2265 850 Si
2291 784 2411 832 vitio
2436 782 2644 850 alicujus
2670 787 2861 850 periret
2897 799 3021 850 opus
3037 785 3168 850 _l_)ei_,_
3185 788 3401 846 pravitas
3424 794 3477 835 ut
3497 782 3671 850 singul-

2079 844 2172 903 ios,
2201 846 2267 893 ita
2313 852 2365 892 ct
2390 847 2644 894 universos
2671 844 3103 909 attingerei,‘541.
3130 844 3236 895 Non
3274 844 3670 909 conservaretur

2078 918 2249 977 eorum
2267 908 2351 968 qui
2373 909 2646 978 gignuntur
2669 911 2716 956 in
2740 907 3068 969 pereuntibus
3091 922 3252 969 genus
3270 907 3666 971 incorruptibile,

2077 966 2185 1015 541.
2224 968 2394 1016 Mortis
2433 976 2690 1019 notionem
2722 969 2895 1018 habuit
2933 971 3087 1018 Adam
3113 972 3206 1018 etsi
3229 971 3420 1019 nuliius
3453 978 3667 1020 mortem

2076 1029 2284 1094 viderat,
2308 1029 2416 1094 476.
2445 1030 2615 1079 Mortis
2636 1044 2831 1094 causam
2853 1032 2939 1094 qui
2965 1034 3210 1094 ignorant,
3238 1032 3454 1081 hominis
3477 1040 3668 1083 natura

2077 1091 2661 1153 conditoremiignorant,
2685 1092 2796 1141 545.

2138 1151 2358 1215 Mortuus
2378 1151 2535 1215 Josias
2560 1154 2833 1202 inﬁdelium
2859 1154 3039 1215 gladio,
3070 1160 3125 1203 ut
3168 1166 3285 1203 eum
3321 1167 3385 1203 ex
3418 1156 3510 1204 hac
3557 1157 3662 1205 vita

2075 1210 2213 1277 Deus
2240 1213 2300 1261 ab
2341 1214 2693 1264 inobedientiaa
2732 1210 2941 1276 peccato
2980 1210 3161 1277 purum
3197 1218 3501 1277 susciperet,
3548 1218 3660 1265 471.

2077 1274 2377 1323 Mortuorum
2398 1277 2635 1325 cadavera
2676 1274 2963 1325 aversamur
2981 1274 3043 1326 ob
3068 1277 3296 1334 fetorem,
3322 1274 3424 1325 non
3449 1278 3513 1326 ob
3532 1292 3668 1326 mor-

2076 1335 2638 1400 talita_tem,_452.~Nam
2682 1339 2869 1387 utimur
2890 1350 3062 1387 eorum
3109 1338 3323 1400 pellibus
3349 1346 3405 1387 et
3446 1340 3563 1400 pilis
3607 1346 3661 1387 et

2075 1396 2703 1467 cornibusL452._Chri§_tus
2722 1400 2969 1467 ta_ngendo
3002 1396 3221 1467 mortuos
3240 1400 3377 1467 nihil
3405 1396 3524 1467 τάξι]
3545 1413 3667 1448 oon-

2075 1458 2278 1506 trarium
2302 1458 2473 1508 Veteri
2499 1460 2731 1508 autNovo
2746 1458 3087 1521 Testamento,
3114 1462 3223 1509 452.
3240 1462 3292 1510 in
3318 1460 3458 1510 Novo
3486 1460 3665 1509 Testa-

2073 1526 2245 1584 mento
2266 1532 2323 1569 ea
2338 1526 2525 1569 tantum
2544 1523 2995 1583 contaminantquaa
3009 1536 3071 1572 ex
3090 1523 3239 1571 corde
3260 1524 3529 1584 prodeunt,
3550 1523 3661 1572 452.

2139 1581 2297 1646 illotus
2345 1594 2441 1646 nec
2487 1589 2704 1631 aeternus
2756 1595 2852 1646 nec
2898 1581 3009 1632 sine
3057 1581 3327 1646 principio,
3372 1584 3497 1643 566,
3537 1584 3663 1646 570,

2073 1640 2182 1708 571,
2209 1643 2320 1691 572.
2348 1643 2507 1692 Motus
2551 1658 2645 1693 nec
2689 1640 3231 1708 inﬁnituginec'gsine'
3257 1640 3520 1708 principio,
3547 1640 3661 1694 567.

2075 1700 2237 1768 Motus
2278 1717 2518 1754 numerus
2556 1712 2636 1755 est
2678 1700 3045 1768 tempus.'566.
3081 1700 3451 1757 Motus‘locali's
3491 1700 3662 1755 ultima

2072 1766 2345 1829 motionum
2390 1768 2442 1814 in
2473 1767 2547 1829 iis
2575 1781 2688 1829 qua
2721 1766 3048 1829 generantur,
3072 1768 3181 1817 570.
3219 1768 3370 1817 Matio
3400 1774 3479 1816 est
3523 1774 3666 1817 actus

2072 1781 2345 1814 motionum
2390 1781 2442 1814 ιιι
2484 1781 2547 1815 us
2612 1781 2688 1816 um
2721 1781 3048 1829 generantur,
3072 1781 3181 1817 5w.
3220 1781 3370 1817 nouo
3400 1781 3479 1816 est
3523 1781 3665 1817 acuis

2071 1827 2409 1897 imperfectus,
2424 1827 2541 1897 A516.
2568 1781 2810 1878 actionis
2828 1828 2998 1897 lucalis
3022 1832 3325 1897 ⁸ιιειμπξῌιεξι·
3362 1831 3665 1897 principium

2072 1890 2123 1935 in
2173 1901 2230 1937 se
2284 1890 2440 1952 habet
2488 1903 2667 1952 corpus
2718 1892 2974 1951 naturale,
3020 1892 3130 1940 570.
3190 1890 3419 1941 Motionis
3476 1890 3668 1939 instru-

2072 1954 2236 1999 menta
2257 1951 2442 2014 ademit
2460 1951 2591 2014 c9216
2610 1958 2663 2001 et
2682 1954 2847 2001 stellis
2868 1958 3059 2012 natura,
3089 1953 3197 2002 581.
3218 1952 3347 2002 Sunt
3367 1965 3491 2014 ergo
3510 1965 3666 2014 opera

2072 2017 2279 2072 natura,
2324 2012 2433 2076 581.
2484 2013 2703 2076 Motione
2749 2016 2961 2063 naturali
3004 2016 3253 2076 posterior
3293 2012 3447 2063 motio
3480 2012 3667 2075 praeter

2073 2080 2321 2135 naturam,_
2340 2073 2449 2122 570.
2498 2075 2619 2133 Quae
2661 2082 2799 2124 motu
2840 2089 2931 2125 suo
2966 2073 3283 2135 calefaciant,
3327 2073 3543 2124 necesse
3583 2081 3667 2124 est

2076 2140 2131 2181 ut
2151 2135 2287 2199 prius
2308 2133 2411 2194 ipsa
2437 2137 2682 2196 calefiant,
2708 2137 2819 2186 579.
2859 2138 3119 2199 Repugnat
3150 2144 3207 2186 ut
3248 2133 3381 2199 quod
3414 2145 3551 2185 motu
3573 2151 3665 2186 na-

2076 2197 2223 2260 turali
2248 2202 2492 2260 movetur,
2521 2210 2617 2246 non
2649 2210 2740 2259 per
2756 2212 2831 2258 se,
2859 2197 2949 2247 sed
2972 2197 3063 2260 per
3084 2201 3216 2247 aliud
3249 2197 3525 2255 moveatur,
3547 2199 3659 2246 579.

2078 2255 2264 2305 Moveri
2295 2266 2581 2321 non_pot.est
2609 2255 2662 2307 id
2680 2255 2929 2321 quodnon
2958 2255 3053 2315 est,
3082 2260 3192 2309 568.
3218 2261 3287 2309 Ex
3325 2273 3389 2309 eo
3408 2261 3539 2321 quod
3562 2273 3661 2308 non

2073 2324 2319 2383 movetur,
2337 2319 2609 2383 substantia
2630 2319 2862 2383 generari
2889 2336 2985 2370 non
3009 2328 3193 2383 potest,
3215 2322 3324 2383 579.

2132 2379 2326 2438 Moyses
2366 2379 2654 2429 instructus‘
2675 2386 2982 2441 astrologiae,
3008 2379 3322 2433 astronomia;
3362 2389 3416 2432 et
3451 2395 3662 2441 geome-

2072 2441 2489 2505 triaegdisciplinis,
2516 2456 2573 2505 ac
2604 2441 2974 2505 hieroglyphica
2997 2444 3207 2494 scientia
3232 2480 3245 2503 ,
3292 2445 3401 2492 450.
3436 2441 3515 2494 0b
3553 2445 3663 2492 haec

2071 2502 2418 2571 non_iaudatur
2439 2502 2919 2571 in_Scri_pturis,Vsed
2946 2507 3061 2567 quia
3089 2502 3333 2571 pietatem
3370 2507 3451 2571 his
3474 2514 3662 2567 praetu-

2072 2561 2149 2620 lit,
2171 2563 2277 2612 450.
2299 2561 2695 2626 Hieroglyphicze
2711 2561 2938 2633 scientias
2953 2561 3289 2633 cognitionem
3307 2561 3496 2633 habuit,
3512 2581 3659 2633 usum

2071 2635 2192 2688 vero
2237 2638 2575 2687 nequaquam,
2620 2634 2796 2688 utpote
2845 2631 2937 2679 Dei
2978 2628 3131 2677 cultui
3180 2630 3513 2687 contrarium,
3546 2628 3658 2676 450.

2071 2684 2270 2758 Moyses
2308 2684 2432 2758 cum:
2450 2684 2601 2758 aquas
2620 2684 3191 2758 sanguin_em_eﬁ'ecisset
3211 2728 3227 2758 ,_
3249 2690 3483 2758 foderunt
3499 2684 3661 2758 '4'ng-

2069 2748 2160 2812 ptii
2184 2755 2363 2812 puteos
2384 2750 2514 2812 circa
2537 2748 2750 2812 ﬁumen,
2777 2751 2885 2799 451.
2912 2751 3107 2811 Moyses
3128 2748 3473 2812 jusjurandum
3513 2748 3663 2800 Jo'se-

2070 2809 2152 2868 phi
2189 2811 2407 2874 praetulit
2430 2811 2529 2871 legi
2571 2811 2636 2874 de
2676 2814 2880 2861 mortuis
2906 2809 3003 2860 non
3040 2809 3321 2874 ungendis,
3348 2812 3459 2861 451.
3503 2812 3659 2861 Forte

2070 2873 2372 2935 eosexpiari
2393 2872 2631 2935 praecepit
2647 2874 2731 2934 qui
2758 2886 2865 2922 ossa
2889 2872 3213 2935 exportarunt
3229 2912 3242 2934 ,
3264 2875 3373 2923 451.

2133 2930 2312 2996 Mulier
2330 2930 2574 2996 quaelibet
2601 2930 2683 2996 est
2717 2948 2842 2983 uxor
2866 2930 3096 2995 proximi,
3120 2938 3169 2985 id
3212 2930 3292 2985 est
3313 2936 3527 2994 Christi,
3570 2938 3661 2996 qui

2068 2994 2321 3059 proximus
2354 3002 2433 3042 est
2461 2994 2637 3055 Patris,
2662 2994 2773 3045 416.
2802 2994 2887 3045 Est
2910 3000 3060 3059 etiam
3086 2999 3445 3059 proximiuxor
3472 2994 3663 3045 caro‘in

2068 3053 2212 3103 nobis
2234 3055 2294 3104 ad
2327 3069 2474 3117 quam
2512 3069 2607 3105 non
2626 3053 2708 3105 est
2734 3053 3223 3114 hinnieudum,'416.
3272 3058 3451 3107 Mulier
3493 3060 3659 3107 fidelis

2068 3126 2168 3163 non
2192 3123 2287 3182 est,
2306 3118 2703 3182 quai_mulierem
2731 3132 2789 3167 se
2813 3131 2929 3168 esse
2954 3122 3196 3182 gloriatur
3217 3127 3271 3168 et
3297 3121 3455 3168 otium
3492 3128 3661 3182 secta-

2071 3130 2168 3163 non
2192 3130 2287 3171 ρει,
2341 3131 2419 3164 ιιειι
2441 3130 2703 3166 mulierem
2731 3132 2789 3167 se
2813 3131 2929 3168 esse
2954 3130 3196 3182 gloriatur
3217 3130 3271 3168 et
3297 3130 3455 3168 ouum
3492 3130 3657 3169 secta-

2071 3182 2169 3236 tur,
2192 3130 2591 3243 412.(idulierum
2625 3181 2855 3243 artiﬁcia,
2881 3194 2994 3242 quae
3022 3184 3211 3230 vultum
3254 3182 3525 3243 pigmentis
3546 3180 3657 3229 infi-

2069 3250 2191 3287 cere
2215 3253 2313 3287 non
2337 3241 2539 3296 audent,
2562 3240 2670 3289 415.
2694 3241 2813 3292 Cum
2844 3240 3140 3292 mulieribus
3160 3240 3658 3297 cauie'tractandum.

2070 3298 2178 3348 411.
2224 3300 2329 3351 Nec
2374 3304 2677 3351 iusectandaa
2698 3312 2832 3360 sunt,
2858 3316 2954 3352 nec
2993 3302 3054 3353 iis
3077 3305 3403 3359 adulandum,
3444 3304 3555 3352 412.
3581 3303 3661 3351 Ad

2068 3362 2309 3411 mulieres
2332 3370 2476 3412 caute
2516 3366 2845 3423 veniendum,
2866 3365 2973 3414 415.
3019 3366 3316 3414 Metuendus
3340 3372 3419 3412 est
3460 3366 3659 3412 illarum

2069 3424 2325 3473 mutabilis
2344 3427 2613 3489 animuset
2628 3429 2855 3476 conscius
2877 3428 3017 3477 illius
3038 3430 3141 3489 rei,
3166 3427 3307 3488 cujus
3327 3440 3476 3475 causa
3504 3428 3659 3475 factas

2068 3497 2265 3548 se_esse
2292 3494 2465 3548 putant
2481 3523 2495 3542 ,
2523 3486 2634 3535 415.

2132 3545 2383 3611 Mundum,
2400 3555 2463 3611 ut
2486 3549 2709 3611 nonnulli
2730 3551 2919 3606 volunt,
2942 3551 3057 3611 quia
3083 3555 3189 3607 est,
3214 3550 3353 3598 Deus
3374 3554 3531 3611 creat,
3555 3562 3658 3598 non

2067 3609 2185 3668 quia
2208 3612 2332 3667 vult,
2358 3610 2467 3657 519.
2494 3609 2629 3658 idem
2652 3618 2730 3659 est
2753 3614 2801 3658 in
2829 3611 2935 3659 Deo
2958 3609 3073 3659 esse
3092 3624 3147 3659 ac
3169 3612 3321 3666 velle,
3347 3610 3458 3658 519.
3485 3610 3547 3671 lit
3569 3624 3660 3671 ge-

2068 3671 2191 3733 uita,
2217 3682 2334 3733 cumg
2363 3673 2537 3733 genite
2562 3674 2728 3732 genita
2750 3674 2869 3730 sint,
2903 3676 3071 3733 genita
3096 3674 3400 3733 producunt,
3424 3673 3489 3719 ita
3515 3670 3657 3721 Deus

2068 3732 2299 3795 iugenite
2314 3730 2423 3795 facit
2444 3730 2684 3793 ingenita,
2706 3733 2815 3795 519.
2858 3730 3041 3783 ln'Deo
3068 3730 3186 3783 nihil
3210 3732 3351 3795 prius
3376 3740 3461 3781 aut
3489 3741 3656 3793 poste-

2067 3793 2196 3856 rius,
2217 3792 2325 3841 519.
2355 3792 2596 3842 Universe
2620 3800 2672 3842 et
2713 3794 2901 3855 absque
2926 3804 3149 3856 tempore
3174 3792 3289 3843 facit
3310 3792 3499 3847 omnia,
3540 3795 3652 3842 520.

2070 3854 2163 3911 Qui
2205 3856 2273 3902 ita
2306 3857 2661 3917 ratiocinantur
2683 3850 2950 3906 essentiam
2968 3850 3062 3905 Dei
3085 3866 3138 3906 et
3161 3858 3270 3916 ejus
3310 3858 3655 3917 operationem

2070 3921 2323 3973 evertunt,
2348 3917 2455 3964 520.
2496 3916 2640 3965 Velle
2664 3918 2879 3965 differta
2925 3920 3204 3975 voluntate;
3248 3916 3585 3975 multomagis
3626 3932 3652 3963 a

2071 3977 2291 4034 volente,
2317 3977 2426 4028 521.
2456 3978 2607 4026 Multa
2631 3982 2736 4027 vult
2752 3978 2908 4037 Deus,
2929 3980 3018 4027 sed
3043 3982 3194 4028 multa
3216 3993 3314 4027 non
3338 3986 3444 4035 est,
3465 3979 3574 4025 521.
3598 3977 3654 4027 Si

2070 4038 2207 4102 Deus
2227 4038 2411 4087 infecte
2434 4053 2534 4087 non
2560 4039 2698 4100 facit,
2741 4054 2907 4102 neque
2931 4042 3081 4089 etiam
3111 4043 3338 4102 ingenite
3381 4040 3513 4095 facit,
3536 4040 3650 4089 522.

2067 4100 2120 4163 Si
2144 4101 2278 4149 Deus
2300 4102 2554 4160 ingenitus
2587 4109 2665 4150 est
2693 4108 2744 4150 et
2784 4100 3007 4163 ingenita
3049 4100 3227 4155 efficit.
3262 4104 3513 4153 communi
3555 4114 3649 4149 usu

2069 4160 2164 4223 fert
2186 4163 2395 4223 ingeniti
2418 4176 2616 4223 nomen1
2639 4164 2747 4211 522.
2770 4160 2890 4222 Qu'm
2908 4167 3233 4219 coexsistunt,
3256 4164 3428 4211 horum
3457 4163 3653 4211 nullum

2067 4222 2273 4272 alterius
2298 4222 2507 4272 effector
2530 4222 2641 4273 esse
2681 4231 2876 4285 potest,
2900 4225 3011 4275 525.
3036 4226 3350 4286 Superﬁuum
3374 4231 3454 4273 est
3496 4237 3653 4271 coex—

2066 4286 2294 4333 sistentia
2318 4286 2499 4349 facere,
2521 4286 2615 4349 525
2659 4286 2883 4347 lngenita
2906 4300 3017 4335 esse
3038 4302 3133 4335 non
3160 4293 3384 4349 possunt,
3404 4300 3517 4349 quae
3533 4294 3654 4334 sunt

2068 4350 2363 4409 composita,
2402 4348 2511 4395 524.
2538 4348 2664 4409 Nihil
2694 4354 2771 4395 est
2805 4353 2935 4409 quod
2960 4362 3052 4409 per
3073 4362 3128 4397 se
3154 4348 3312 4409 ipsum
3356 4348 3649 4409 productum

2068 4409 2153 4470 sit,
2168 4409 2273 4456 524.
2289 4408 2486 4470 Alioqui
2503 4411 2551 4456 in
2565 4408 2687 4456 illud
2707 4409 2798 4457 Dei
2815 4408 3040 4458 voluntas
3052 4424 3148 4458 non
3168 4408 3648 4463 dominaretur,524.

2069 4466 2122 4516 Si
2136 4470 2346 4531 mundus
2360 4466 2465 4519 Deo
2488 4472 2961 4531 coexsistit.praater
2981 4475 3287 4520 voluntatem
3314 4472 3454 4519 illius
3484 4470 3651 4517 subsi-

2067 4532 2170 4588 stit,
2190 4531 2299 4581 525.
2324 4530 2460 4579 Deus
2484 4544 2579 4579 non
2603 4539 2681 4579 est
2705 4545 2794 4592 per
2816 4546 2871 4580 se
2907 4534 3193 4594 productus,
3218 4531 3325 4594 526.
3360 4531 3413 4579 Si
3437 4531 3652 4594 mundis

2067 4604 2161 4652 per
2182 4606 2237 4640 se
2261 4594 2422 4653 ipsum
2456 4594 2739 4653 productus,
2769 4606 2860 4653 per
2890 4592 3106 4653 scipsum
3131 4596 3281 4643 etiam
3306 4592 3496 4650 factus,
3533 4592 3645 4640 526.

2069 4653 2300 4702 Mundum
2327 4656 2759 4717 zeternumdicunt
2784 4653 3027 4711 nonnulli,
3048 4656 3304 4717 quiarnihil
3329 4656 3459 4715 apud
3486 4654 3646 4717 Deum

2067 4722 2149 4763 est
2176 4718 2545 4776 temporarium,
2570 4715 2676 4763 515.
2704 4717 2835 4764 Deus
2867 4715 3104 4766 mundum
3129 4716 3277 4765 efficit
3298 4729 3362 4763 eo
3385 4721 3492 4776 ipso
3514 4716 3646 4775 quod

2067 4729 2149 4763 εει
2176 4729 2545 4776 temporarium,
2570 4729 2676 4763 nlo.
2704 4729 2835 4764 ueus
2867 4729 3104 4766 mundum
3129 4729 3277 4765 eluctt
3298 4729 3362 4763 eo
3385 4730 3398 4763 ι
3514 4729 3646 4775 quou

2066 4784 2161 4841 est,
2182 4785 2365 4825 motum
2380 4786 2674 4841 perpetuum
2688 4779 3027 4841 suppeditans.
3041 4779 3148 4827 515.
3175 4781 3225 4828 Si
3251 4785 3392 4841 actus
3406 4729 3497 4827 1383i
3509 4778 3647 4841 priu-

2068 4839 2249 4900 eipium
2265 4838 2716 4900 etﬁnem‘haberet,
2730 4838 3067 4900 corruptibilis
3079 4848 3188 4888 actu
3206 4846 3343 4887 esset
3365 4840 3517 4895 Deus,
3532 4838 3642 4885 515.

2065 4899 2182 4962 Ejus
2212 4902 2433 4959 potentia
2455 4898 2704 4962 mutabilis
2738 4898 2949 4962 esset—et
2971 4902 3241 4950 substantia
3286 4906 3503 4962 nutaret,
3530 4900 3641 4962 514.

2065 4960 2202 5025 Ferit
2213 4964 2490 5025 nonmagis
2500 4964 2563 5010 de.
2584 4961 2973 5025 Dgeoabsurdum
2986 4964 3120 5011 dictu
3136 4972 3369 5025 estquam
3385 4961 3518 5025 facit,
3529 4960 3644 5019 515,

2063 5023 2174 5071 516.
2217 5021 2572 5085 Nullum‘opus
2598 5022 2707 5085 Dei
2762 5036 2857 5071 non
2888 5021 3278 5085 temporarium,
3338 5021 3460 5072 ibid.
3506 5025 3645 5085 Deus

2064 5087 2252 5133 otiosus
2272 5091 2368 5141 est,
2392 5086 2433 5133 si
2455 5083 2548 5134 nec
2591 5083 2724 5143 fecit,
2746 5098 2841 5133 nec
2878 5083 3018 5145 facit;
3033 5099 3126 5135 nec
3170 5089 3388 5135 facturus
3413 5091 3510 5138 est,
3529 5084 3640 5132 515.

2063 5148 2116 5195 Si
2140 5147 2276 5195 Deus
2297 5148 2469 5194 eadem
2499 5147 2842 5194 indesinenter
2866 5147 2998 5206 facit,
3020 5147 3308 5210 imperfecta
3334 5147 3641 5254 ejusgoten-

2067 5210 2130 5254 lia
2154 5215 2207 5254 et
2227 5214 2383 5254 actus.
2418 5208 2524 5254 516.
2552 5208 2604 5254 Si
2641 5208 2777 5254 Deus
2808 5210 3054 5254 movendo
3080 5213 3238 5254 solem
3279 5209 3394 5254 faeit
3413 5243 3427 5254 .
3488 5209 3638 5254 unlex

2067 5210 2130 5256 lia
2154 5215 2207 5256 et
2227 5214 2383 5265 actus,
2418 5208 2524 5256 516.
2552 5208 2604 5256 Si
2641 5208 2777 5257 Deus
2808 5210 3054 5257 movendo
3080 5208 3238 5257 solem
3279 5209 3394 5256 facit
3413 5243 3427 5259 .
3452 5208 3638 5265 duplex

2064 5271 2164 5317 erit
2181 5271 2385 5323 creatio.
2408 5272 2563 5318 altera
2586 5268 2889 5327 substantiae,
2917 5271 3073 5319 altera
3099 5280 3275 5325 motus,
3304 5270 3411 5317 516.
3460 5268 3641 5316 Mdbile

2065 5334 2197 5379 enim
2222 5333 2357 5393 prius
2379 5344 2493 5379 esse
2537 5337 2735 5393 oportet
2767 5345 2913 5392 quam
2956 5340 3170 5393 motum,
3213 5330 3333 5380 ibid.
3362 5334 3463 5379 Aut
3504 5330 3642 5378 Deus

2064 5400 2259 5441 creator
2283 5406 2379 5440 non
2406 5400 2475 5441 est
2507 5393 2793 5441 substantia;
2811 5394 2959 5451 solis,
2994 5401 3081 5443 aut
3119 5396 3307 5443 creatio
3328 5405 3441 5453 quae
3473 5393 3525 5440 fit
3549 5403 3639 5452 per

2063 5453 2332 5526 motionem
2375 5467 2471 5526 non
2499 5462 2577 5502 est
2618 5455 2732 5526 sine
2750 5456 3024 5526 principio,
3212 5455 3462 5526 Qperatur
3508 5454 3640 5502 Deus

2064 5523 2299 5577 quantum
2327 5518 2447 5574 vult,
2473 5529 2571 5563 non
2590 5524 2824 5577 quantum
2866 5524 3061 5578 potest,
3080 5517 3199 5565 ibid.
3235 5517 3344 5564 Non
3370 5523 3450 5563 est
3469 5528 3635 5582 corru-

2062 5578 2249 5688 Ktibilis
2287 5580 2555 5627 secundum
2592 5581 2839 5638 potentias
2860 5592 2950 5640 per
2967 5592 3090 5640 quas
3113 5592 3213 5627 non
3236 5584 3490 5640 operatur,
3516 5574 3635 5623 ibid.

2090 5640 2237 5688 'eoue
2266 5652 2386 5688 ergo
2427 5640 2759 5688 corruptibilis
2781 5640 3050 5688 secundum
3078 5641 3188 5688 illas
3219 5652 3312 5688 ner
3357 5651 3481 5688 quas
3516 5648 3635 5688 one—

2090 5640 2237 5700 leque
2266 5652 2386 5700 ergo
2404 5640 2759 5701 corruptibilis
2781 5640 3050 5688 secundum
3078 5641 3188 5689 illas
3219 5652 3312 5701 per
3357 5651 3481 5699 quas
3516 5648 3641 5699 ope.

2064 5698 2169 5750 rari
2182 5698 2381 5759 desinit,
2398 5698 2515 5749 ibid.
2543 5698 2747 5748 Mundus
2764 5704 2806 5749 si
2823 5703 3036 5749 infectus
3055 5707 3152 5756 est.
3173 5698 3325 5750 etiam
3352 5698 3406 5747 et
3424 5698 3631 5747 inrustn

2062 5764 2212 5825 ditus,
2234 5762 2339 5825 518.
2366 5761 2471 5811 Non
2496 5762 2705 5825 mundus
2724 5763 2940 5825 CllSiOtﬁia
2964 5763 3226 5825 indigebit,
3251 5762 3341 5810 sed
3366 5764 3476 5822 ipse
3502 5762 3638 5810 Deus

2065 5822 2415 5873 cuicvcxsistit
2459 5824 2695 5877 mundus.
2724 5824 2828 5872 519.
2877 5822 3107 5873 Mundum
3147 5828 3369 5884 genitum
3406 5825 3636 5874 dixerunt
