3984 6256
287 374 430 433 4695

286 491 585 541 conveniant
608 492 886 552 Christiani,
911 492 1021 543 586.
1052 493 1364 543 Sententiam
1386 496 1508 543 dicit
1550 502 1606 544 ut
1647 495 1743 543 diis
1782 507 1861 543 sa-

287 556 507 618 crificare
531 557 783 618 nolentes,
808 562 916 618 post
938 556 1138 618 ﬂagella
1172 554 1334 618 capite
1367 558 1650 618 plectantur
1681 568 1865 605 secun-

286 615 403 664 dum
426 617 587 678 leges,
613 617 727 665 581.

1055 700 1095 761 S

349 792 564 857 Sabbato
587 795 883 857 plerumque
904 809 991 845 aer
1013 795 1195 846 dicitur
1219 798 1484 857 immutari,
1507 798 1615 847 467.

348 855 602 922 Sacriﬁcia
617 855 821 922 cruenta
848 872 1099 922 nunquan
1121 865 1235 922 ante
1264 859 1427 922 legem
1454 855 1689 922 praecepit
1710 861 1861 916 Deus,

287 915 399 992 475.
435 915 541 966 Noe
562 918 697 967 nulla
716 915 982 992 praacepiti
988 918 1109 992 £15;
1130 915 1341 992 Abrahae
1360 915 1595 992 prw'cepit
1617 915 1690 971 'in
1725 915 1864 992 usum

286 979 564 1050 {pturorum
588 979 933 1050 praenuntiam,
957 982 1064 1050 475.
1080 980 1322 1050 Sacriﬁcia
1339 979 1617 1050 animalium
1631 984 1867 1050 prgcepit

286 1041 451 1103 Deus,
469 1041 607 1101 quasi
625 1041 667 1088 is
687 1043 772 1101 qui
797 1041 1039 1091 oll‘erebat
1060 1056 1197 1090 suam
1221 1044 1375 1103 ipsius
1393 1045 1605 1093 animam
1633 1041 1867 1101 'olierret,

286 1100 671 1167 480._Parc_eb_at
692 1100 948 1167 hominum
991 1106 1190 1167 generi,
1220 1100 1325 1167 nec
1357 1105 1584 1155 homines
1625 1100 1871 1154 immolari

289 1162 510 1227 volebat,
536 1164 644 1212 481.
690 1167 755 1227 At
785 1162 1041 1227 damonefs
1067 1162 1185 1227 his
1215 1165 1428 1227 victimis
1467 1167 1768 1227 gaudebant,
1806 1172 1869 1227 fut

287 1223 711 1291 hostesmgeneris
728 1225 946 1291 humani,
974 1223 1094 1275 ibid.
1122 1223 1601 1291 Sacriﬁcianef'anda
1624 1223 1869 1291 prohibita

285 1284 431 1348 {uere
452 1284 741 1336 Christianis
762 1284 942 1348 primas
961 1288 1266 1346 tenentibus,
1292 1288 1400 1337 495.

286 1346 580 1456 militum:
605 1346 777 1397 multa
800 1350 996 1399 invenit
1033 1348 1318 1397 morborum
1360 1354 1582 1413 corporis
1624 1350 1866 1408 remedia,

347 1469 601 1521 Summus
624 1470 882 1521 absorbuit
915 1472 1109 1531 Jovem,
1139 1471 1249 1521 445.

347 1530 476 1580 SAUL
501 1534 646 1594 regni
676 1547 843 1582 amore
868 1535 1204 1595 ventriloquas
1248 1536 1468 1594 sustulit,
1512 1535 1622 1584 464.
1651 1535 1870 1596 Sperans

284 1590 773 1661 Deumﬁsen'tentiam
807 1596 1067 1661 de_regno_
1091 1590 1278 1661 _'Davidi
1323 1590 1482 1645 dando
1515 1590 1869 1661 rescissurum,

434 1654 853 1723 Dereliquiteum
878 1651 1015 1723 Deu's
1058 1657 1103 1704 id
1129 1671 1360 1723 quaerere
1398 1651 1869 1723 quod__s_ust_ulerat,

284 1713 413 1785 ibid.
436 1713 755 1785 Daemorisub
781 1721 941 1785 lorma-
963 1713 1210 1785 Samuelis
1251 1713 1497 1782 apparuit,
1533 1718 1652 1769 ibid.
1672 1713 1871 1770 Veritas

284 1775 553 1824 verborum
573 1793 599 1826 a
628 1781 731 1827 Deo
753 1786 879 1835 erat,
907 1777 1025 1827 ibid.

354 1838 623 1902 Scriptura
648 1840 926 1888 divinarum
952 1841 1186 1889 virtutum
1225 1843 1504 1891 testimonio
1551 1845 1867 1902 confirmatae,

285 1896 400 1948 505.
432 1896 585 1951 Multa
608 1902 1027 1965 suntdetlhristo
1052 1903 1183 1951 dicta
1204 1918 1314 1964 quas
1362 1906 1411 1951 in
1459 1904 1716 1965 Scriptura
1772 1896 1871 1955 non

284 1965 402 2026 sunt
424 1969 636 2026 narrata,
662 1964 771 2010 490.
798 1962 904 2012 Non
927 1964 1045 2011 dicit
1082 1962 1234 2012 unde'
1254 1968 1522 2026 sumpserit
1555 1962 1868 2026 vestimenta,

284 2023 335 2087 in
357 2025 548 2087 quibus
568 2031 681 2084 post
711 2027 1131 2087 resurrectionem
1155 2023 1397 2087 apparuit,
1424 2026 1529 2076 491.
1574 2027 1682 2082 Non
1708 2023 1869 2078 tamen

283 2083 627 2143 dubitandum,
665 2086 752 2134 sed
779 2100 841 2134 ex
888 2088 1069 2137 Christi
1116 2083 1336 2143 potentia
1374 2083 1497 2136 ﬁdes
1540 2089 1678 2138 illius
1716 2092 1873 2140 vesti-

284 2154 569 2208 mentorum
607 2148 901 2208 repetenda,
927 2145 1045 2195 ibid.
1091 2145 1209 2197 Haec
1248 2150 1381 2196 enim
1426 2151 1507 2197 vel
1549 2153 1737 2200 creavit
1791 2154 1873 2201 vel

286 2206 492 2272 aliunde
520 2206 749 2269 sumpsit,
792 2208 901 2256 490.
927 2209 980 2257 ln
1000 2210 1271 2272 Scripturis
1288 2223 1398 2269 quae
1419 2224 1654 2272 corporea
1678 2214 1741 2261 de
1766 2213 1874 2272 Deo

286 2268 539 2332 dicuntur,
584 2268 814 2318 translata
838 2276 958 2332 sunt
976 2269 1035 2318 ab
1058 2268 1124 2319 iis
1143 2286 1254 2332 quae
1276 2268 1339 2320 ita
1363 2285 1419 2321 se
1462 2268 1649 2322 habent
1692 2271 1875 2323 secun-

283 2330 403 2394 dum
430 2338 669 2394 naturam,
698 2332 809 2379 445.
837 2330 993 2394 Secus
1010 2332 1059 2379 in
1106 2330 1286 2394 poetis.
1314 2333 1419 2381 Non
1462 2333 1595 2382 enim
1641 2336 1875 2385 absorbet

285 2390 436 2444 homo
476 2390 745 2451 hominem,
766 2400 821 2440 ut
841 2392 1083 2441 Saturnus
1108 2390 1315 2453 'Jovem,
1521 2396 1735 2445 Verbum
1779 2396 1873 2447 Dei

289 2455 577 2517 cogitatum,
605 2459 853 2517 cantatum
880 2461 932 2502 et
955 2456 1176 2503 auditum
1198 2458 1293 2504 vim
1336 2457 1488 2506 habet
1528 2460 1875 2517 pellendorum

286 2515 583 2581 daemonum,
607 2515 727 2581 486.;
746 2516 897 2564 Nefas
927 2528 1017 2581 per
1065 2518 1392 2581 psalmodiam,
1432 2515 1669 2567 vellicare
1705 2520 1876 2581 proxi-

285 2590 442 2685 ιιῖιειιΐηέ,
622 2575 891 2639 Scriptum
914 2575 1151 2627 verba'ad
1173 2580 1476 2629 iracundiam
1511 2593 1650 2629 suam
1674 2575 1873 2631 trahere

376 2654 401 2685 3
435 2675 447 2686 .
574 2675 585 2686 .

288 2650 447 2697 netas,
475 2650 585 2686 409.

351 2698 528 2748 Sermo
546 2700 669 2748 fonti
701 2700 1006 2763 similis,ﬁqui
1050 2700 1498 2763 quoifrequentius
1539 2702 1781 2761 hauritur,
1813 2716 1876 2752 eo

287 2760 601 2822 limpidiores
620 2776 772 2821 aquas
796 2760 1205 2823 profunditf450.
1228 2760 1291 2810 In
1306 2776 1540 2811 sermone
1573 2765 1729 2813 danda
1754 2760 1877 2823 Ope-

290 2836 345 2870 ra
373 2831 428 2871 ut
449 2837 545 2872 nec
560 2824 714 2871 rudes
738 2830 792 2872 et
813 2825 1031 2884 imperiti
1054 2824 1225 2883 simus,
1250 2838 1343 2873 nec
1362 2838 1450 2873 ore
1475 2825 1678 2874 etl‘racto
1706 2826 1877 2875 abuta-

289 2897 419 2941 mur,
444 2884 551 2932 410.
576 2885 681 2933 Nec
705 2883 1101 2953 nugandjgratia
1131 2888 1450 2953 loquendum,
1474 2888 1585 2953 sed
1627 2889 1874 2936 silendum

290 2959 470 3007 magna
494 2959 558 2994 ex
582 2953 742 3010 parte,
772 2946 964 3003 ibid.Ut
980 2960 1224 3010 sermone
1239 2948 1422 3010 divites
1444 2950 1598 3010 simus
1631 2957 1686 2998 et
1720 2962 1877 3010 opere

326 3014 526 3075 utentes
547 3009 783 3075 quotidie
796 3009 1115 3075 precandum,
1138 3007 1245 3056 417.
1275 3008 1492 3075 Membra
1516 3009 1648 3058 enim
1669 3007 1877 3059 aliorum

348 3071 505 3117 vicem
528 3083 719 3133 sumus,
746 3068 865 3133 ibid.
910 3070 1135 3133 Quorum
1173 3070 1623 3133 sermonibusAnon
1664 3084 1879 3133 respon-

290 3132 419 3242 ῗῗὲι
443 3132 686 3192 actiones,
709 3132 839 3195 apud
864 3144 953 3181 eos
987 3131 1148 3179 latent
1171 3132 1364 3180 insidiae
1398 3138 1453 3180 et
1492 3131 1713 3194 fugiendi
1742 3131 1878 3193 Sunt,

355 3254 682 3315 Septenarius
702 3254 1331 3315 numerusrincrementum
1350 3253 1603 3302 hominum
1645 3259 1700 3301 et
1738 3254 1879 3303 defe-

291 3314 657 3375 ctumet‘ticere
698 3316 896 3373 dicitur,
934 3314 1042 3363 467.
1086 3314 1142 3362 In
1168 3315 1354 3364 morbis
1397 3316 1691 3375 dijudicandi
1740 3324 1881 3365 notas

291 3377 462 3437 affert,
486 3373 608 3425 ibid.
636 3376 692 3424 In
720 3378 836 3437 lege
860 3375 1163 3425 venerabilis
1197 3373 1459 3435 maximef
1478 3374 1598 3424 ibid.
1642 3376 1747 3424 Non
1794 3393 1881 3426 na-

292 3444 405 3499 tura
449 3440 791 3499 septenarium
818 3451 1101 3497 numerum,
1127 3438 1217 3486 sed
1245 3438 1333 3486 ille
1368 3446 1590 3487 naturam
1633 3440 1877 3499 sequitur,

291 3497 415 3560 ibid.
435 3497 665 3550 Continet
693 3501 862 3548 mundi
888 3501 1192 3548 creationem
1224 3505 1277 3547 et
1300 3499 1395 3560 Dei
1422 3503 1668 3560 requiem,
1694 3497 1814 3549 ibid.

354 3559 547 3669 Simili];
568 3567 779 3611 testatur
815 3562 1058 3623 judicium
1095 3562 1161 3609 de
1205 3559 1368 3623 impiis
1415 3559 1507 3623 per
1536 3562 1707 3623 ignem
1746 3562 1880 3612 futu-

355 3637 424 3669 m.
548 3659 559 3669 .

292 3637 424 3680 rum,
450 3637 559 3670 409.

358 3684 723 3748 Simpleanrx
742 3681 1054 3748 simplicibus
1086 3685 1398 3748 componitur
1419 3681 1657 3748 quidquid
1678 3698 1879 3748 compo-

295 3749 447 3795 situm
472 3752 569 3805 est,
610 3747 730 3808 525.
755 3747 891 3808 Fieri
926 3758 1024 3792 non
1050 3752 1221 3808 potest
1245 3750 1301 3793 ut
1328 3747 1569 3806 simplicia
1597 3747 1881 3808 compositis

295 3808 621 3918 cgieixsistant,
663 3804 782 3856 ibid.
811 3807 1032 3855 Primum
1052 3804 1328 3868 simplicia,
1356 3804 1538 3856 deinde
1579 3804 1846 3869 composita
1865 3848 1877 3870 ,

295 3882 312 3918 ι
406 3904 420 3917 .

295 3882 420 3918 ima.

357 3930 441 3979 Sol
471 3931 566 3980 alia
591 3931 678 3979 lux
700 3943 799 3979 non
838 3935 916 3979 est
932 3942 1114 3992 praeter
1132 3941 1240 3978 eam
1262 3942 1373 3990 qua
1395 3932 1533 3992 prius
1553 3930 1675 3980 facta
1698 3931 1876 3981 fuerat.

295 3992 409 4041 429.
440 3992 547 4051 Una
577 4002 655 4041 est
678 3994 905 4053 primaria
933 3990 1038 4049 lux,
1068 3994 1147 4053 sol
1163 3994 1212 4039 ei
1236 4004 1413 4052 corpus
1440 3990 1617 4041 factum
1642 3998 1738 4050 est,
1758 3992 1874 4043 ibid.

296 4055 537 4104 Primitus
563 4052 790 4102 tota’lux
810 4054 1100 4102 circumfusa
1121 4052 1223 4100 diei
1247 4066 1505 4102 mensuras
1530 4068 1627 4101 non
1663 4055 1879 4103 delinie.

295 4116 405 4174 bat,
428 4116 518 4163 sed
543 4123 798 4167 contracta
825 4117 961 4166 nocti
996 4116 1276 4177 ingressum
1299 4113 1475 4176 dabat,
1501 4116 1611 4163 450.
1638 4116 1771 4165 Solis
1795 4130 1882 4165 va-

296 4179 360 4225 rii
384 4183 564 4225 motus.
591 4178 697 4225 555.

296 4179 360 4228 rit
384 4183 564 4237 motus,
591 4179 697 4225 555.

363 4236 563 4288 Somnia
588 4240 753 4299 turpia
778 4253 806 4287 a
827 4238 1053 4293 daemone
1074 4237 1410 4285 immittuntur
1430 4238 1543 4298 piis,
1565 4236 1673 4286 448.
1704 4238 1767 4287 Ut
1792 4252 1880 4287 eos

297 4302 556 4361 deinique
582 4298 707 4348 facto
732 4302 961 4348 laetantes
1002 4300 1227 4361 invenire
1247 4301 1421 4359 possit,
1469 4298 1577 4346 448.
1627 4301 1758 4348 Satis
1801 4308 1883 4349 est

296 4365 364 4413 de
394 4362 473 4411 bis
497 4362 692 4421 dolere,
747 4361 856 4409 448.
890 4361 1296 4422 Lacrymis,_non
1320 4374 1444 4421 aqua
1464 4363 1706 4422 expianda
1745 4369 1878 4421 sunt,

297 4423 411 4473 448.
434 4424 478 4473 Α
498 4420 845 4471 communione
867 4422 930 4471 ob
956 4420 1037 4470 illa
1059 4420 1312 4469 abstinere
1342 4420 1545 4469 minime
1565 4436 1758 4482 aequum
1782 4420 1879 4479 est,

297 4486 501 4557 Alioqui
528 4486 797 4594 tﬂlseretur
819 4486 1206 4533 voluntariorum
1227 4490 1282 4531 et
1305 4485 1748 4533 involuntariorum
1780 4487 1884 4535 dis-

297 4560 510 4594 crimen.
633 4583 647 4594 .

297 4560 510 4603 crimen,
538 4560 647 4595 ηδ.

364 4608 580 4668 Spiritus
599 4612 799 4668 sanctus
821 4615 902 4657 est
930 4606 1043 4657 Filii
1067 4608 1289 4668 spiritus,
1312 4604 1419 4655 424.
1461 4607 1548 4655 Est
1595 4608 1743 4668 etiam
1768 4608 1884 4668 Spi-

299 4667 431 4718 ritus
454 4669 629 4733 Patris,
652 4671 693 4717 si
717 4667 917 4733 quidem
940 4684 967 4719 a
1004 4667 1153 4733 Patre
1180 4669 1441 4733 procedit,
1493 4668 1601 4716 424.
1643 4667 1882 4731 Spiritum

301 4744 484 4792 exsua
506 4728 780 4780 substantia
806 4731 955 4779 Pater
981 4728 1232 4792 produxit,
1257 4728 1366 4776 420;

369 4791 639 4841 Stellarum
662 4792 937 4854 substantia
957 4790 1012 4840 et
1033 4791 1184 4854 forma
1206 4795 1453 4854 perpetuo
1474 4790 1673 4839 mobilis
1696 4798 1884 4854 pugnat

300 4867 417 4905 cum
436 4855 631 4903 illarum
652 4853 927 4902 stabilitate
951 4851 1207 4909 immobili,
1233 4851 1341 4899 582.
1497 4868 1506 4876 ·

367 4916 523 4965 Stoici
540 4916 701 4963 omnia
725 4928 786 4963 ex
811 4921 1025 4975 quatuor
1045 4914 1311 4962 elementis
1332 4912 1474 4971 facta,
1496 4918 1551 4961 et
1593 4912 1756 4963 Deum
1799 4916 1883 4963 illa

300 4980 480 5039 dicunt
508 4990 790 5039 permeare,
827 4975 937 5024 591.

364 5036 665 5087 Subsiantiaa
684 5038 907 5087 detinitio
929 5037 1205 5085 secundum
1224 5036 1548 5083 Aristotelem
1572 5042 1649 5084 est
1673 5042 1729 5085 ut
1771 5050 1888 5084 con-

306 5098 574 5149 trariorum
600 5102 666 5147 sit
683 5099 981 5160 capax,554.
1005 5098 1287 5160 Substantia
1312 5103 1391 5145 est
1415 5104 1606 5145 certum
1630 5099 1746 5159 quid
1771 5111 1882 5146 esse

305 5172 362 5211 et
386 5170 578 5210 certum
604 5161 720 5222 quid
744 5158 850 5209 non
868 5161 1123 5222 esse,553_.
1141 5158 1424 5222 Substantia
1444 5158 1679 5207 dividitur
1700 5161 1752 5207 in
1775 5172 1885 5207 cor-

304 5237 401 5287 pus
429 5230 487 5287 e_t
505 5220 871 5287 incorporeum,
896 5220 1334 5287 538_.__S_uhstanti_:e
1355 5220 1564 5287 diversas
1608 5228 1725 5269 sunt
1762 5235 1886 5282 quo-

304 5282 417 5334 rum
442 5282 661 5333 diversas
675 5284 952 5341 facultates,
988 5283 1099 5332 5'57.
1123 5282 1197 5330 Ex
1223 5282 1511 5331 substantiis
1536 5290 1709 5331 natura
1734 5291 1788 5331 et
1808 5297 1886 5333 ars

304 5347 498 5396 faciunt
515 5346 982 5407 quidquid'faciunt,
1008 5345 1114 5393 555.

372 5404 599 5468 Suspicio
623 5404 877 5455 nonnullis
893 5408 1014 5455 satis
1044 5415 1121 5453 est
1151 5404 1225 5468 ad
1269 5405 1532 5454 dicendum
1572 5405 1886 5468 acscriben-

304 5470 446 5528 dum,
469 5466 577 5517 411.
608 5470 681 5518 De
704 5481 761 5517 se
783 5480 983 5529 semper
1000 5468 1124 5516 alios
1150 5467 1281 5527 loqui
1326 5474 1521 5528 putant,
1572 5467 1679 5515 411.
1709 5466 1886 5528 Suspi-

307 5534 484 5580 ciones
507 5531 775 5592 fugiendae,
801 5537 855 5578 et
876 5529 1007 5590 quod
1032 5530 1125 5590 ipsi
1148 5529 1453 5592 suspicamur
1472 5530 1744 5591 diligenter
1765 5542 1887 5581 exa-

306 5590 613 5653 minandum,
636 5591 745 5639 410.
1246 5590 1255 5597 "

374 5774 593 5835 Tempus
614 5786 705 5822 nec
730 5778 989 5836 aeternum,
1011 5786 1104 5836 nec
1121 5774 1230 5821 sine
1251 5775 1511 5836 principio,
1532 5772 1644 5821 596.
1670 5773 1887 5834 Tempus

312 5844 397 5885 est
419 5834 659 5886 numerus
682 5842 860 5896 motus,
886 5834 993 5884 596.
1031 5834 1261 5896 Tempus
1286 5849 1378 5887 nec
1414 5834 1662 5887 inlinitum
1694 5847 1788 5885 uec
1809 5837 1881 5885 iu-

1277 383 1442 451 QU/E
1482 383 1550 438 ΙΝ
1588 381 1974 438 APPENDICE
2011 381 2511 440 INVENIUNTUR.

3402 378 3546 437 1694

1966 496 2213 556 genitum,
2235 493 2344 552 562,
2367 493 2476 541 565.
2493 492 2711 554 Tempus
2734 496 2975 541 aiternum
2992 505 3104 541 esse
3125 492 3547 553 voluntgentiles,

1966 553 2161 619 542._S_i
2183 553 2380 619 tempus
2400 553 2666 619 aeternum,
2687 562 2855 615 partes
2884 559 2989 614 ejus
3011 561 3223 619 aeternas
3262 566 3551 619 esse‘oporf

1962 623 2056 675 tet,
2078 616 2188 665 542.
2214 614 2404 676 Nempe
2432 616 2593 674 horas,
2619 616 2747 676 dies,
2772 628 2972 664 menses
3001 622 3055 663 et
3084 614 3287 671 annum,
3318 614 3423 662 542.
3440 614 3550 663 Sed

1964 674 2072 738 haec
2093 684 2277 726 aeterna
2306 674 2405 724 nbn
2428 682 2562 736 sunt,
2589 674 2705 737 quia
2725 677 2775 723 in
2803 679 2879 724 eis
2904 678 2998 725 alia
3021 677 3203 738 priora,
3241 678 3345 738 alia
3383 684 3551 736 poste-

1966 737 2168 798 teriora,
2192 738 2305 786 542.
2330 738 2463 798 Ergo
2485 750 2577 785 nec
2601 738 2810 784 mundus
2834 737 3073 796 aeternus,
3111 740 3197 798 qui
3236 737 3287 784 in
3327 743 3551 794 tempore

1961 806 2180 864 creatus,
2202 798 2413 864 542..οι
2426 805 2632 864 tempus
2656 799 2873 846 futurum
2901 801 3007 858 tiet,
3024 801 3122 864 Aita
3146 805 3199 846 et
3242 800 3551 864 praeteritum

1964 859 2146 910 factum
2170 866 2265 917 est,
2294 860 2402 908 568.
2426 859 2656 907 Praasens
2676 873 2772 907 non
2805 867 2968 921 potest
3015 861 3123 908 ﬁeri
3166 872 3409 921 praesens,
3457 862 3551 910 nisi

1966 924 2104 984 prius
2128 923 2347 984 futurum
2368 922 2435 968 sit
2460 933 2516 968 ae
2538 934 2635 967 non
2655 924 2736 977 sit,
2762 922 2871 969 509.
2919 921 3027 969 Non
3070 926 3149 984 est
3194 933 3315 979 ergo
3351 930 3550 969 cozeter-
3626 924 3631 929 ’

1967 982 2107 1041 num,
2132 982 2242 1044 500.
2269 984 2322 1031 Si
2348 988 2544 1043 tempus
2565 984 2809 1044 genitum,
2825 983 3124 1044 necessario
3147 987 3201 1030 et
3218 987 3381 1044 motus
3402 987 3547 1044 geni-

1968 1051 2066 1102 tus,
2109 1043 2218 1093 509.
2268 1041 2588 1105 Tempe—rana
2620 1041 2955 1105 corrup’tibilia
2999 1042 3059 1093 ab
3091 1041 3554 1105 incorruptibilibus

1966 1108 2096 1155 male
2121 1104 2433 1165 distinguunt
2474 1105 2735 1163 increduli,
2773 1104 2881 1153 512.
2928 1105 3148 1165 Utraque
3193 1105 3325 1152 enim
3351 1104 3473 1165 facta
3504 1108 3553 1152 in

1968 1174 2215 1234 tempore,
2237 1161 2347 1215 51⁷2.
2369 1165 2534 1234 Verbo
2585 1165 2669 1234 qui
2681 1228 2690 1234 ι
2702 1161 2814 1227 fecit
2857 1165 3008 1234 praeit.
3043 1161 3249 1234 verbum
3287 1161 3371 1234 qni
3390 1164 3554 1234 [aciet,

1970 1225 2094 1295 512.:
2114 1225 2337 1289 Utroque
2371 1225 2895 1295 tempusdesignatui,
2918 1228 3029 1275 512.
3056 1227 3110 1275 Si
3136 1225 3554 1295 verbo'fncietAae

1970 1287 2770 1362 ce'snsiopotestatisnsigniﬁrcatur,
2794 1290 2943 1360 etiam
2964 1294 3025 1362 et
3054 1287 3358 1362 verbofecit,
3381 1288 3487 1362 512.

2033 1349 2392 1400 Testimonium
2414 1349 2511 1399 Dei
2534 1350 2878 1414 iniScripturis
2903 1356 2981 1399 est
3002 1349 3253 1414 proposita
3276 1351 3327 1397 in
3359 1357 3548 1398 utram-

1968 1425 2070 1475 que
2092 1418 2284 1475 partem
2308 1424 2521 1475 merces,
2546 1412 2655 1475 477.

2031 1471 2233 1523 Thebae.
2255 1474 2438 1525 Contra
2462 1473 2660 1521 Thebas
2686 1474 2944 1535 expeditio
2969 1480 3163 1534 septem
3185 1473 3383 1530 ducum,
3408 1471 3515 1521 504.

2029 1536 2255 1585 Tinssus
2274 1535 2337 1584 ob
2359 1536 2630 1595 diremplas
2654 1536 2786 1583 inter
2805 1536 2927 1583 deos
2952 1537 3303 1583 contentiones
3333 1548 3554 1581 excaeca-

1969 1602 2051 1647 tus
2074 1611 2100 1645 a
2126 1598 2339 1656 Junone,
2368 1595 2477 1643 506.
2507 1597 2826 1644 Divinatione
2851 1599 3059 1645 donatus
3083 1611 3110 1645 a
3132 1595 3405 1653 Jove,506.

2043 1657 2329 1721 Traditaab
2350 1658 2587 1721 apostolis
2610 1659 2917 1721 consuetudo
2943 1659 3173 1721 precandi
3194 1658 3252 1706 ad
3277 1658 3555 1721 Orientem,

1970 1721 2081 1769 492.
2108 1719 2213 1767 Non
2242 1719 2473 1766 ﬂectendi
2496 1731 2656 1779 genua
2676 1720 2758 1767 die
2785 1720 3057 1779 Dominico,
3079 1720 3188 1767 490.

2034 1781 2387 1842 Tranquillitas
2409 1780 2551 1829 nobis
2570 1781 2748 1840 aderit,
2771 1782 2813 1828 si
2834 1794 2929 1829 nec
2946 1785 3129 1842 primas
3147 1780 3437 1839 ambiamus,
3463 1793 3556 1828 nec

1970 1842 2082 1893 aliis
2113 1839 2447 1890 ambientibus
2466 1854 2719 1902 angamur,
2744 1843 2855 1890 409.
2886 1839 3057 1892 Si‘nec
3079 1844 3232 1890 multa
3254 1843 3427 1891 audire
3469 1847 3557 1891 aut

1973 1906 2147 1954 videre
2197 1905 2408 1951 velimus
2443 1910 2494 1950 et
2538 1904 2710 1965 audire
2728 1904 2871 1952 nobis
2894 1905 3169 1965 videamur,
3195 1903 3304 1951 411.

2033 1966 2175 2015 Trias
2198 1965 2468 2022 Platonica,
2496 1964 2606 2013 556.
2634 1965 2775 2013 Trias
2797 1968 3139 2025 Aristotelica,
3156 1964 3274 2014 556.

2031 2027 2157 2077 Tres
2176 2039 2426 2088 personae.
2456 2027 2627 2075 Trium
2671 2040 2993 2087 personarum
3038 2025 3389 2077 coexsistentia
3430 2039 3558 2075 unus

1973 2095 2053 2137 est
2078 2087 2235 2145 Deus,
2257 2087 2363 2135 502.
2390 2087 2455 2135 Ut
2478 2089 2531 2135 in
2554 2090 2728 2148 Adam,
2775 2089 2871 2137 Eva
2900 2096 2953 2137 et
2971 2090 3097 2137 Seth
3141 2090 3317 2136 eadem
3362 2094 3557 2147 natura,

1971 2150 2158 2199 diversi
2196 2149 2507 2198 exsistentiae
2541 2147 2690 2210 modi,
2717 2147 2785 2198 ita
2819 2152 2869 2198 in
2892 2151 3090 2208 divinis,
3133 2150 3245 2198 502.
3290 2150 3557 2197 ldentitate

1973 2213 2208 2259 essentia;
2232 2224 2553 2272 personarum
2578 2225 2705 2259 unus
2725 2211 2882 2269 Deus,
2908 2212 3017 2259 502.
3047 2213 3183 2261 Unus
3210 2212 3345 2261 Deus
3366 2214 3433 2272 in
3460 2211 3557 2257 Pa-

1973 2278 2050 2320 tre
2077 2278 2130 2321 et
2154 2271 2282 2320 Filio
2304 2278 2357 2319 et
2378 2272 2567 2331 Spiritu
2591 2278 2776 2333 sancto,
2801 2272 2912 2322 420.
2937 2272 3235 2333 Ingenitum,
3261 2271 3483 2333 genitum
3505 2277 3559 2319 et

1972 2334 2250 2395 procedens
2268 2333 2564 2393 hypostases
2584 2331 2880 2394 signiﬁcant,
2921 2331 3085 2384 dei—tas
3132 2331 3416 2391 essentiam,
3446 2332 3557 2379 421.

1976 2397 2131 2445 Adam
2155 2408 2251 2457 non
2274 2395 2491 2457 genitus,
2514 2396 2602 2443 sed
2629 2402 2791 2457 tamen
2841 2409 2931 2457 per
2971 2397 3206 2444 essentia
3242 2395 3559 2457 identitatem

1973 2469 2086 2504 cum
2110 2457 2221 2504 aliis
2241 2455 2521 2504 hominibus
2532 2455 2863 2517 conjungitur‘,
2876 2457 2981 2517 421.
3007 2456 3090 2505 Sic
3109 2458 3257 2505 etiam
3281 2456 3559 2517 ingenitum

1973 2518 2178 2565 minime
2203 2518 2415 2565 divellet
2441 2516 2749 2565 communem
2775 2516 3044 2566 essentiam
3068 2519 3228 2566 Patris
3249 2526 3302 2566 et
3342 2516 3459 2564 Filii
3506 2520 3561 2564 et

1977 2578 2195 2642 Spiritus
2220 2580 2396 2637 sancti,
2423 2578 2539 2627 421.
2563 2579 2845 2639 lngenitum
2890 2578 3047 2642 veluti
3092 2580 3313 2642 sigillum
3348 2580 3557 2642 Patrem

1971 2641 2221 2703 designat,
2244 2642 2444 2703 genitth
2470 2642 2625 2689 veluti
2647 2641 2890 2701 quoddam
2911 2640 3107 2702 signum
3129 2640 3335 2703 denotat
3356 2640 3557 2692 Filium,

1973 2700 2285 2750 421ft$enita
2308 2702 2529 2760 ejusdem
2554 2700 2784 2750 essentia;
2804 2716 2859 2750 ac
2872 2700 3156 2810 gignentia,
3181 2701 3290 2748 421.
3306 2702 3429 2749 Dum
3454 2708 3559 2748 tan-

1975 2768 2079 2810 tum
2114 2770 2321 2810 natura}.
2344 2764 2566 2810 increata
2589 2770 2641 2810 et
2663 2770 2849 2810 creata.
2903 2764 2931 2809 2
2968 2763 3250 2810 .Nusuuam
3298 2764 3459 2810 Filius
3503 2766 3559 2809 et

1975 2768 2079 2810 tum
2114 2770 2321 2822 naturae,
2344 2764 2566 2811 increata
2589 2770 2641 2811 et
2663 2770 2849 2821 creata,
2872 2763 2979 2811 421.
3000 2763 3250 2823 Nusquam
3298 2764 3484 2823 Filius_
3503 2766 3559 2809 et

1975 2823 2195 2885 Spiritus
2218 2830 2418 2871 sanctus
2442 2825 2493 2871 in
2531 2826 2719 2873 creatis
2739 2825 2889 2872 rebus
2914 2821 3260 2883 numerantur,
3306 2823 3415 2885 421.
3443 2821 3554 2871 Νοη

1974 2884 2327 2953 apaxitlercs
2347 2898 2522 2953 omnes
2567 2891 2759 2934 creatas
2810 2893 3267 2953 receitseiite,__riog
3313 2884 3558 2953 a'Paulo,

1975 2947 2082 2994 421.
2106 2944 2322 3006 Trinitas
2346 2946 2664 3005 hypostasum
2691 2960 2790 2994 non
2818 2949 3072 2995 essentim.
3100 2946 3207 2993 447.
3230 2944 3556 3006 Tres'perso-

1976 3021 2052 3054 me
2065 3022 2161 3055 uno
2174 3005 2347 3067 ordine
2371 3006 2420 3054 in
2441 3007 2684 3067 baptismo
2697 3013 2749 3054 et
2775 3009 2823 3053 in
2847 3007 3240 3055 sanctiﬁcatione
3265 3005 3557 3061 animarum,

1976 3068 2088 3116 425.
2110 3066 2324 3128 Spiritus
2356 3066 2555 3115 sanctus
2577 3069 2755 3116 dicitur
2778 3068 2891 3115 Filii
2911 3069 3124 3129 Spiritus
3148 3074 3199 3116 et
3220 3067 3379 3116 Patris
3403 3068 3561 3128 Spiri-

1982 3135 2078 3187 tus,
2101 3129 2208 3176 424.
2236 3129 2287 3176 1n
2311 3130 2562 3190 creatione
2586 3135 2686 3177 tres
2712 3142 2937 3190 persona:
2977 3131 3203 3177 eamdem
3231 3129 3416 3177 habent
3438 3141 3561 3189 ope-

1976 3194 2240 3248 rationem,
2265 3189 2373 3237 424.
2406 3189 2535 3238 Μιιῦ
2559 3189 2776 3238 medium
2797 3191 2930 3239 inter
2954 3197 3167 3239 creatam
3196 3197 3250 3238 et
3287 3192 3556 3238 increataiu

1977 3258 2218 3307 naturam,
2234 3252 2342 3297 424.
2359 3249 2435 3298 Illi
2450 3264 2571 3311 ergo
2581 3260 2770 3300 naturae
2782 3252 3087 3299 attribuendi
3103 3253 3256 3300 lt‘ilius
3269 3259 3320 3298 et
3342 3253 3561 3310 Spiritus

1977 3319 2175 3362 sanctus
2187 3314 2264 3360 cui
2283 3324 2482 3372 semper
2502 3313 2845 3374 adjunguntur,
2859 3313 2966 3361 425.
2986 3313 3157 3361 Unitas
3178 3315 3363 3374 ergoin
3397 3313 3562 3361 Trini-

1978 3380 2082 3422 tate
2113 3382 2167 3423 et
2191 3374 2403 3422 Trinitas
2423 3375 2473 3421 in
2494 3374 2687 3436 unitate
2708 3376 3033 3436 agnoscenda,
3053 3375 3161 3423 425.
3190 3375 3387 3422 Patrem
3408 3380 3461 3420 et
3480 3374 3563 3421 Fi-

1982 3436 2103 3483 lium
2119 3436 2412 3484 heterodoxi
2435 3433 2582 3484 etiam
2596 3433 2869 3495 celebrant,
2881 3438 2969 3483 sed
2981 3450 3078 3484 non
3094 3436 3365 3496 secundum
3378 3441 3562 3483 rectam

1978 3505 2253 3556 notionem,
2282 3496 2390 3543 420.
2417 3496 2675 3546 Trinitatis
2701 3501 2998 3558 comparatio
3030 3511 3138 3545 cum
3184 3499 3348 3546 littera
3371 3511 3421 3555 n,
3446 3496 3555 3542 497.

1980 3558 2141 3606 Unum
2167 3566 2221 3606 et
2243 3567 2343 3606 tres
2369 3559 2539 3606 insunt
2574 3560 2759 3606 litterae
2781 3574 2811 3607 n
2840 3565 2895 3606 et
2922 3559 3046 3617 Deo,
3072 3559 3179 3606 497.
3202 3558 3304 3605 Sed
3329 3561 3508 3607 litterae
3528 3570 3563 3607 it

1979 3620 2149 3729 ﬁgunt
2172 3621 2345 3683 genite
2376 3626 2430 3667 et
2453 3619 2724 3681 composite
2748 3634 2761 3681 ;
2784 3621 2892 3669 Deo
2908 3622 3131 3682 ingenite
3144 3626 3197 3668 et
3218 3621 3562 3681 incomposite,

2040 3743 2260 3793 Tristitia
2292 3742 2481 3803 mundi,
2506 3742 2707 3791 tristitia
2733 3743 3007 3792 secundum
3035 3742 3217 3804 Deum,
3240 3743 3347 3792 416.

2752 3831 2802 3891 U

2044 3932 2316 3996 linguento
2354 3939 2608 3996 unguntur
2629 3933 2856 3981 haeretici
2880 3933 3173 3991 redeuntes,
3196 3932 3306 3981 446.

2042 3993 2217 4058 Unitas
2238 4009 2337 4043 non
2364 3993 2597 4058 augetur,
2621 4008 2733 4044 cum
2758 3996 2951 4058 numeri
2981 3996 3279 4058 principium
3300 3996 3376 4058 tit,
3400 3993 3510 4042 489.

2042 4057 2350 4106 Universitas
2370 4055 2534 4107 creata
2554 4055 2595 4119 si
2618 4057 2815 4119 singula
2837 4055 3020 4117 creata,
3048 4055 3161 4106 543ζ
3184 4055 3235 4105 Si
3258 4056 3399 4106 l'lato
3427 4071 3567 4106 crea-

1981 4121 2077 4176 tus,
2100 4120 2247 4167 homo
2270 4124 2486 4179 creatus,
2513 4118 2621 4167 545.

2044 4180 2205 4229 Unum
2230 4193 2437 4230 numero
2461 4183 2598 4231 aliud
2620 4182 2813 4229 ratione
2843 4193 2957 4229 esse
2980 4184 3166 4243 potest,
3192 4179 3302 4230 520.

2747 4265 2798 4323 ν

2045 4362 2218 4410 Vatum
2249 4367 2302 4410 et
2322 4361 2673 4423 prophetarum
2696 4360 2983 4418 discrimen,
3011 4358 3119 4409 442.

2040 4424 2259 4484 verbum
2292 4418 2375 4471 lux
2402 4418 2464 4484 ex
2489 4423 2603 4471 luce
2624 4423 2854 4484 principii
2880 4420 3241 4484 erxpcrte,429.
3264 4418 3483 4484 Verbum
3505 4433 3568 4467 ex

1981 4483 2147 4535 Patris
2162 4483 2444 4550 substantia
2477 4479 2718 4550 genitum,
2744 4479 2854 4550 420.
2883 4479 3303 4550 γε’ῴιξφξᾚὶωη
3329 4479 3572 4550 Deinun-

2016 4560 2125 4596 uam
2144 4547 2429 4605 disjunctim
2453 4543 2651 4594 a'Patre
2675 4545 2968 4604 cogitamus,
2993 4544 3100 4591 447.
3133 4543 3268 4591 Idem
3295 4548 3373 4589 est
3397 4543 3568 4591 dicere

2016 4560 2125 4596 uam
2144 4560 2429 4605 utSJuncum
2453 4560 2480 4594 a
2503 4560 2651 4593 rarre
2675 4560 2968 4604 cogitamus,
2993 4560 3100 4591 44:.
3133 4560 3268 4591 108m
3295 4560 3373 4589 est
3397 4560 3568 4591 uicere

1980 4560 2162 4658 gilium
2186 4608 2283 4657 Dei
2307 4621 2364 4657 ac
2383 4608 2563 4656 Filium
2584 4607 2761 4665 Patris,
2786 4605 2893 4653 447.
2922 4605 3171 4664 Quidquid
3204 4605 3337 4651 enim
3350 4606 3573 4663 pertinet

1981 4671 2041 4718 ad
2064 4683 2344 4731 personam,
2369 4669 2520 4731 etiam
2542 4669 2601 4717 ad
2629 4679 2858 4731 personae
2881 4668 3168 4731 essentiam;
3182 4666 3440 4731 perti_net,_
3457 4665 3568 4712 447.

1981 4726 2203 4780 Verbum
2222 4737 2278 4780 ut
2302 4726 2469 4779 lumen
2495 4730 2559 4778 de
2583 4726 2767 4777 lumine
2793 4727 3061 4789 genitum,_
3080 4726 3197 4789 426.
3216 4727 3348 4776 Satis
3397 4727 3573 4776 idonea

1982 4795 2163 4854 imago,
2202 4799 2259 4841 ut
2280 4793 2676 4854 cozeternitatem
2698 4796 2751 4837 et
2771 4787 3005 4854 essentize
3048 4787 3362 4854 identitatem
3387 4794 3439 4835 et
3463 4790 3572 4836 sine

1985 4850 2313 4916 perpessione
2335 4853 2718 4918 generationem
2744 4852 3031 4918 constituat,
3055 4850 3163 4918 426.
3201 4850 3441 4918 homines
3461 4856 3573 4911 post

1985 4911 2585 4976 exsistentiam'gignunt,
2612 4915 2747 4963 Deus
2761 4911 2902 4976 simul
2925 4913 3263 4976 estretgignit‘,
3285 4911 3573 4976 447.Quare

1985 4978 2115 5039 apud
2154 4977 2316 5026 Deum
2354 4972 2453 5024 ᾗοή
2483 4972 2577 5024 est
2605 4979 2714 5039 post
2758 4975 3056 5039 exsistantia
3090 4972 3274 5036 geniti,
3318 4974 3431 5035 quia
3479 4987 3573 5022 nec

1986 5034 2279 5088 eksistentia
2303 5044 2419 5087 ante
2444 5034 2840 5099 generationem,
2866 5034 2974 5099 447.

2046 5100 2381 5160 Ventriloqui.
2408 5094 2509 5147 Per
2534 5096 3433 5160 ventriloquosdzemonesloquuntur,
3460 5094 3567 5145 472.

2046 5162 2242 5210 Veritas
2260 5158 2377 5209 ante
2403 5173 2645 5218 errorem,
2671 5159 2781 5207 469.
2821 5158 2956 5206 Fieri
2984 5172 3080 5207 non
3105 5165 3274 5220 potest
3300 5164 3354 5220 ut
3391 5160 3575 5205 verita-

1988 5230 2089 5273 tem
2108 5236 2204 5271 non
2226 5223 2564 5283 inveniat,qui
2590 5234 2699 5269 eam
2725 5227 2828 5283 toto
2853 5221 2999 5268 corde
3023 5228 3075 5269 et
3100 5218 3217 5269 iotis
3240 5218 3573 5283 viribtisqtite—

1985 5289 2069 5344 rit,
2114 5284 2245 5338 .445.
2292 5279 2808 5344 Veritatisprophetis
2834 5283 3204 5344 negavitﬁdcm
3230 5280 3421 5344 Achab,
3463 5279 3570 5328 461.

1987 5342 2177 5395 ideirco
2200 5348 2381 5394 missus
2404 5347 2451 5393 ei
2472 5342 2677 5405 spiritus
2701 5344 2934 5401 mendax,
2966 5343 3073 5392 461.
3096 5342 3373 5391 Veritatem
3411 5342 3574 5405 haeret

1988 5410 2109 5457 ticos
2156 5422 2251 5455 non
2275 5403 2511 5468 quairere
2529 5405 2745 5468 probant
2765 5419 2936 5468 eorum
2962 5406 3319 5468 dissensiones,
3346 5409 3399 5468 et
3442 5403 3577 5468 quod

1986 5484 2041 5537 se
2069 5465 2662 5537 invicem—condemnem,
2694 5466 2799 5537 445”.
2822 5466 3201 5537 ttportebatupnt
3360 5465 3574 5536 invicem

1986 5534 2323 5593 ignoscerent,
2348 5529 2454 5577 445.
2482 5528 2709 5593 Veritate
2722 5529 2850 5593 nihil
2872 5526 3065 5583 fortius,
3102 5528 3214 5593 588.
3243 5526 3295 5574 Si
3329 5529 3443 5593 quis
3464 5539 3572 5593 eam

1986 5588 2314 5641 demonstrari
2338 5590 2575 5651 postulet,
2604 5590 2778 5637 similis
2806 5595 2897 5651 est
2921 5589 3113 5651 petenti
3156 5594 3213 5635 ut
3251 5588 3441 5651 ratione
3471 5588 3573 5651 _de-

1990 5661 2303 5701 monstrentu
2314 5648 2460 5712 r‘quae
2474 5663 2650 5697 sensus
2665 5651 2865 5707 feriunt,
2890 5648 2996 5712 588.
3013 5649 3209 5712 _Veritas
3221 5655 3300 5696 est
3322 5650 3456 5697 Deus
3471 5648 3571 5697 Pa-

1989 5722 2083 5774 ter,
2109 5709 2381 5774 588.Cujus
2405 5713 2561 5760 Filius
2578 5712 2794 5758 Verbum
2821 5711 2988 5774 et_sui_
3012 5709 3166 5771 ipsius
3206 5717 3259 5758 et
3286 5717 3571 5774 cunctorum

1990 5769 2112 5823 ﬁdes
2133 5782 2212 5824 est
2236 5769 2705 5830 et'demonstratio,
2731 5774 2840 5821 588.
2875 5769 3110 5820 Veritatis
3148 5785 3311 5819 scrmo
3330 5772 3459 5819 liber
3495 5778 3573 5821 est

1994 5843 2044 5886 et
2076 5838 2151 5886 sui
2177 5838 2317 5901 juris,
2346 5834 2454 5885 588.
2482 5834 2596 5896 lijus
2619 5833 2821 5883 libertas
2854 5831 3053 5882 minime
3080 5847 3334 5897 arrogans,
3366 5832 3475 5881 588.
