3984 6256
342 604 3537 645 W

784 927 1580 1046 JOANNIS
1654 925 2357 1043 EENBIG

1536 931 1580 1044 ἶ
1654 925 2425 1043 EENBIGI
2514 922 3109 1038 NOLTE

1258 1259 1789 1334 CONJECTUIUE
1833 1260 1935 1319 ΕΤ
1986 1251 2611 1329 EMENDATIONES

330 1511 396 1567 ιΝ
429 1510 640 1555 OMNES
672 1510 861 1552 HUIUS
903 1508 1246 1553 VOLUMINIS
1273 1504 1652 1549 SCRIPTOBES
1672 1530 1689 1556 ,
1750 1503 1829 1545 ET
1874 1500 2224 1546 VARIANTES
2282 1497 2563 1542 CODICUM
2594 1495 2676 1536 AB
2705 1492 2847 1536 IPSO
2878 1491 3090 1534 DENUO
3128 1486 3546 1535 αοιιΔτοιισΜ

812 1588 1191 1641 LECTIONES,
1244 1585 1351 1637 QUI
1383 1586 1461 1627 ET
1497 1582 1754 1629 SCHOLIA
1784 1582 1851 1624 IN
1896 1579 2199 1622 IUSTINUM
2247 1575 2556 1621 ΜΔΧΙΜΔΜ
2584 1572 2835 1615 PARTEM
2866 1570 3123 1612 INEDITA
3145 1598 3161 1624 ,

650 1667 711 1709 IN
742 1667 1071 1710 TATIANUM
1098 1663 1525 1720 EMENDATIUS,
1562 1664 1623 1704 IN
1656 1657 2134 1703 ΔΤΠΕΝΔΘΟΒΔΜ
2168 1655 2336 1700 NUNC
2371 1652 2623 1698 PRIMUM
2655 1650 2907 1693 EDENDA
2935 1647 3229 1692 CURAVIT.

1566 1919 2139 2013 LECTUBIS
2206 1918 2299 2007 S.

394 2363 740 2426 Reverendus
768 2370 966 2427 Cursus
999 2368 1318 2441 Patrologiw
1345 2370 1540 2434 editor,
1585 2385 1776 2440 quum,
1812 2371 1916 2425 hoc
1960 2378 2111 2425 sexto
2133 2371 2404 2424 volumine
2424 2372 2537 2438 1am
2563 2370 2851 2439 impresso,
2890 2382 2923 2422 a
2956 2366 3189 2437 quodam
3213 2364 3333 2420 viro
3355 2362 3538 2425 docto,

324 2456 383 2515 Β.
408 2457 458 2514 J.
494 2461 831 2531 presbytero,
874 2478 975 2516 nos
1029 2464 1259 2517 fortasse
1281 2461 1437 2531 plura
1460 2460 1563 2529 ipsi
1595 2475 1756 2530 posse
1800 2461 2181 2515 administrare
2227 2460 2481 2531 operibus
2501 2458 2600 2514 SS.
2637 2458 2862 2513 Patrum
2893 2455 3244 2513 emendandis
3291 2464 3345 2509 et
3386 2453 3538 2509 illus-

322 2553 533 2609 trandis
563 2555 870 2619 utilissima,
909 2554 1226 2623 accepisset,
1254 2553 1323 2606 ad
1356 2568 1457 2608 nos
1482 2552 1629 2606 dedit
1660 2552 1886 2614 litteras,
1919 2560 1976 2605 ut
2004 2553 2050 2606 si
2082 2551 2210 2621 quid
2247 2551 2514 2606 eiusmodi
2558 2550 2906 2612 haberemus,
2938 2561 3061 2602 cum
3092 2547 3211 2616 ipso
3240 2545 3542 2601 communi'

320 2660 591 2700 caremus.
629 2644 729 2699 Cui
756 2646 954 2715 petenti
988 2662 1085 2699 cur
1114 2646 1302 2700 deesse
1328 2643 1666 2698 noluerimus
1707 2649 1766 2696 ut
1797 2642 2029 2697 fortasse
2056 2656 2166 2697 non
2191 2642 2295 2696 erit
2325 2642 2467 2711 quod
2501 2657 2565 2697 ex
2592 2643 2750 2696 nobis
2800 2653 3033 2713 quazras,
3059 2639 3134 2692 ita
3166 2644 3225 2691 ut
3252 2635 3384 2708 quid
3406 2651 3544 2706 pra;

319 2744 467 2793 Stare
496 2738 823 2792 voluerimus
845 2738 1033 2807 paucis
1064 2738 1383 2808 explicetur,
1413 2744 1466 2791 et
1499 2743 1592 2790 tua
1614 2742 1668 2790 et
1694 2743 1881 2791 nostra
1906 2735 2170 2790 interesse
2197 2734 2461 2790 videatur.

386 2851 557 2907 Nemo
584 2852 759 2907 nescit
780 2866 1028 2922 magnam
1055 2851 1179 2905 libri
1203 2865 1233 2904 a
1264 2849 1494 2903 Tatiano
1525 2848 1822 2917 conscripti
1845 2858 2051 2917 partem
2075 2848 2144 2902 ab
2173 2847 2406 2902 Eusebio
2430 2847 2752 2902 Caasariensi
2785 2848 2839 2900 in
2870 2846 3067 2901 librum
3094 2845 3188 2915 qui
3216 2843 3538 2913 Evangetica

318 2944 636 3010 prwparatio
663 2944 956 3013 inscriptus
980 2954 1081 3008 est,
1110 2943 1427 2998 translatam
1465 2956 1605 2997 esse.
1632 2940 1799 2994 Cuius
1837 2940 1894 2993 in
1932 2940 2150 3010 scriptis
2177 2941 2240 2995 ad
2274 2939 2489 2995 codices
2514 2939 2862 2994 emendandis
2892 2954 3058 3009 quum
3087 2938 3179 2992 diu
3205 2938 3542 3005 multumque

320 3053 619 3103 VCI'SJmUI‘,
647 3039 864 3093 codices
892 3037 1135 3093 Tatianei
1169 3037 1291 3091 libri
1334 3048 1392 3091 ut
1423 3038 1814 3105 inspiceremus
1848 3034 2158 3089 faciundum
2190 3035 2348 3090 nobis
2387 3035 2715 3104 putavimus.
2745 3032 2850 3087 Sed
2883 3040 3217 3102 quantopere
3239 3030 3542 3097 obstupue-

318 3132 494 3187 rimus
521 3150 684 3203 quum
716 3150 875 3204 quam
906 3136 1361 3205 negligentissime
1415 3135 1471 3188 in
1516 3134 1637 3187 istis
1666 3132 1826 3186 codd.
1858 3131 2201 3187 conferendis
2222 3140 2495 3186 versatum
2533 3147 2654 3186 esse
2704 3130 3149 3191 intellexerimus,
3179 3127 3269 3182 vix
3300 3125 3404 3181 dici
3432 3139 3533 3194 po-

318 3230 446 3279 test.
475 3226 650 3292 Quum
673 3235 727 3281 et
758 3227 811 3280 in
838 3226 1171 3295 reliquorum
1198 3226 1617 3295 Apologetarum
1651 3224 1743 3295 qui
1773 3224 2030 3278 dicuntur
2057 3224 2210 3277 libris
2236 3223 2478 3293 legendis
2510 3225 2638 3279 olim
2667 3223 2895 3277 multum
2934 3221 3195 3291 temporis
3226 3220 3537 3289 insumpse-

319 3318 517 3381 rimus,
549 3319 745 3387 cupido
775 3319 1018 3389 quaedam
1047 3327 1101 3372 et
1133 3333 1229 3372 eos
1272 3319 1489 3372 codices
1520 3318 1612 3387 qui
1645 3320 1766 3373 illos
1816 3316 2154 3372 continerent
2198 3317 2522 3387 inspiciendi
2553 3332 2655 3373 nos
2702 3316 2935 3387 impulit.
2976 3315 3176 3370 Eadem
3207 3311 3534 3385 negligentia

316 3410 373 3463 in
400 3410 467 3463 iis
494 3410 842 3464 conferendis
872 3424 1086 3478 quoque
1110 3417 1386 3463 versatum
1415 3424 1535 3464 esse
1567 3424 1692 3463 mox
1721 3408 1877 3463 facile
1911 3410 2305 3478 perspeximus.
2352 3408 2463 3462 Hac
2494 3424 2656 3464 causa
2696 3409 2952 3463 commoti
2983 3408 3313 3463 contulimus
3342 3406 3523 3460 denuo

316 3517 507 3558 omnes
538 3508 631 3572 qui
658 3506 712 3557 in
760 3503 923 3575 Regia
960 3505 1286 3559 bibliotheca
1317 3503 1611 3561 Parisiensi
1656 3505 2013 3559 adservantur
2046 3504 2284 3571 codices,
2316 3520 2425 3559 non
2458 3506 2513 3559 in
2560 3520 2682 3559 eum
2723 3504 2882 3559 finem
2922 3511 2981 3558 ut
3011 3519 3207 3558 novam
3240 3502 3535 3556 adornare-

318 3610 441 3650 mus
468 3595 780 3659 editionem,
814 3596 905 3650 sed
933 3606 1010 3660 ut,
1044 3597 1331 3651 occasione
1362 3596 1508 3659 data,
1546 3597 1675 3666 quid
1707 3597 1761 3649 in
1794 3598 1894 3650 hac
1921 3611 1980 3651 re
2018 3596 2195 3650 adhuc
2223 3596 2535 3650 faciundum
2567 3597 2638 3651 sit
2664 3596 3094 3651 ostenderemus.
3134 3594 3239 3650 Sed
3270 3594 3396 3648 licet
3427 3593 3531 3647 hoc

313 3697 529 3746 tantum
553 3694 782 3746 consilio
812 3693 867 3746 in
901 3691 1249 3748 conferendis
1276 3693 1384 3747 illis
1406 3692 1686 3747 codicibus
1714 3692 1914 3747 versati
1959 3693 2151 3757 simus,
2187 3698 2428 3746 attamen
2458 3699 2512 3769 et
2545 3692 2625 3746 sic
2654 3706 2762 3746 non
2798 3692 2967 3744 multa
2997 3705 3097 3745 nos
3123 3689 3379 3759 effugisse
3406 3689 3528 3757 qui-

315 3785 402 3837 vis
432 3785 625 3837 harum
657 3800 833 3838 rerum
863 3786 1087 3855 peritus,
1120 3784 1464 3854 perlustratis
1493 3784 1559 3839 iis
1585 3800 1705 3853 qua:
1734 3784 1788 3837 in
1814 3782 2050 3839 medium
2082 3785 2407 3854 protulimus
2434 3783 2591 3838 facile
2615 3783 2923 3853 perspiciet.
2957 3782 3015 3836 In
3038 3785 3184 3853 ipsas
3213 3781 3415 3835 Marani
3440 3797 3538 3834 no-

316 3884 401 3931 tas
430 3890 597 3944 pauca
632 3884 841 3929 tantum
874 3876 1071 3931 addere
1099 3879 1155 3930 in
1194 3878 1369 3946 iisque
1405 3876 1677 3945 corrigere
1708 3877 2000 3945 potuimus.
2026 3874 2092 3927 Et
2134 3876 2248 3930 haec
2280 3891 2448 3952 pauca
2474 3890 2592 3945 quin
2624 3876 2680 3929 in
2713 3876 2859 3931 notis
2893 3875 2960 3930 ad
2989 3876 3126 3930 duas
3160 3872 3357 3928 Iustini
3387 3871 3527 3940 Apo-

318 3968 487 4036 logias
511 3976 564 4023 et
590 3968 869 4037 Dialogum
900 3986 1017 4023 cum
1048 3970 1341 4040 Tryphone,
1379 3972 1433 4024 in
1459 3970 1829 4024 Cohortatione
1853 3968 1920 4023 ad
1954 3969 2164 4024 Grrecos
2192 3977 2246 4023 et
2278 3971 2475 4024 librum
2509 3970 2585 4024 De
2616 3970 2942 4035 monarchia,
2972 3971 3029 4024 in
3075 3968 3311 4032 Tatiani,
3351 3966 3521 4022 Athe-

314 4074 552 4130 nagorae,
582 4061 861 4131 Theophili
891 4071 944 4116 et
980 4062 1208 4122 Hermi-.2
1241 4064 1411 4118 libros
1470 4063 1810 4131 potissimum
1868 4063 2203 4116 correximus
2244 4072 2338 4117 aut
2387 4064 2442 4116 in
2492 4077 2585 4117 eas
2631 4062 2962 4127 addidimus,
3012 4076 3168 4116 nemo
3227 4076 3337 4115 non
3378 4058 3540 4113 facile

314 4152 625 4222 perspiciet.
678 4152 754 4207 Ne
787 4154 914 4223 quid
936 4154 1062 4208 huic
1087 4155 1310 4208 editioni
1334 4154 1567 4218 deesset,
1601 4163 1655 4209 et
1688 4170 1806 4224 quae
1841 4156 1895 4207 in
1922 4154 2157 4208 editione
2186 4155 2445 4209 librorum
2474 4170 2505 4208 a
2544 4155 2749 4211 Iustino
2778 4163 2831 4210 et
2862 4153 3089 4209 Tatiano
3108 4152 3541 4222 conscriptorum

313 4261 344 4298 a
367 4248 435 4298 cl.
468 4246 664 4301 Ottone
694 4247 746 4301 in
778 4248 952 4315 lucem
983 4248 1179 4303 emissa
1213 4249 1354 4303 bona
1385 4251 1598 4303 inerant
1627 4249 1725 4320 (l),
1759 4259 1812 4304 et
1838 4263 1958 4319 quae
1993 4250 2092 4319 ipsi
2123 4249 2251 4304 olim
2313 4249 2367 4303 in
2419 4249 2765 4305 diiudicanda
2811 4250 2913 4305 ista
2947 4249 3183 4304 editione
3228 4246 3532 4311 attulimus,

312 4335 403 4390 hic
432 4339 724 4406 repetenda
750 4338 1026 4395 duximus.

384 4447 707 4520 Fragmenta
741 4451 929 4508 Iustini
958 4465 1012 4511 et
1032 4454 1263 4521 Tatiani,
1303 4473 1423 4527 qua:
1456 4456 1662 4511 Marani
1708 4457 1932 4512 deerant
1953 4457 2199 4521 editioni,
2238 4457 2325 4511 hic
2350 4458 2687 4525 addidimus;
2720 4458 2926 4516 scholia
2958 4459 3145 4514 Graeca
3172 4458 3225 4511 in
3250 4456 3528 4511 Iustinum

311 4541 607 4594 maximam
642 4550 848 4611 partem
881 4546 1105 4609 inedita,
1133 4551 1188 4600 in
1222 4548 1509 4602 Tatianum
1534 4549 1892 4613 emendatius,
1928 4550 1985 4603 in
2015 4549 2413 4619 Athenagoram
2449 4567 2592 4606 nunc
2622 4552 2859 4620 primum
2890 4551 3100 4605 edenda
3125 4551 3462 4605 curavimus.

385 4651 508 4707 Otto
538 4654 653 4721 ipse
681 4653 938 4708 nonnulla
972 4656 1342 4724 superioribus
1378 4658 1761 4725 interpretibus
1804 4658 2011 4714 rectius
2045 4660 2337 4728 explicuit;
2376 4660 2508 4713 vitta
2555 4660 2623 4713 ab
2652 4659 2719 4713 iis
2745 4661 2798 4713 in
2831 4660 3122 4715 afferendis
3144 4660 3303 4715 codd.
3341 4660 3535 4715 lectio-

312 4743 480 4801 nibus
510 4746 598 4800 hic
627 4747 737 4801 illic
760 4749 1052 4803 commissa
1107 4749 1169 4804 C.
1204 4750 1261 4804 Β.
1293 4750 1433 4805 llase
1472 4752 1879 4823 opera_adiutus
1911 4755 2166 4819 correxit,
2199 4755 2404 4824 aliquot
2430 4757 2577 4809 locos
2610 4762 2897 4825 corruptos
2929 4754 3163 4809 feliciter
3190 4756 3531 4823 emendavit;

311 4840 407 4893 sed
434 4840 628 4910 lingua:
658 4839 856 4894 Graeca:
885 4847 969 4895 sat
999 4841 1283 4910 imperitus
1314 4843 1494 4909 plures
1544 4845 1821 4912 corrupit;
1852 4836 1855 4841 ’
1888 4844 2002 4910 alii,
2050 4860 2157 4915 quo
2209 4846 2371 4899 modo
2427 4846 2751 4900 emendandi
2788 4854 2843 4901 et
2874 4844 3183 4916 explicandi
3230 4855 3440 4915 essent,
3475 4854 3538 4901 ut

311 4934 517 4990 videret
547 4937 649 5006 ipsi
678 4952 784 4991 non
818 4937 1065 5007 contigit.
1093 4935 1265 5001 Quem
1304 4954 1333 4991 a
1362 4938 1518 4994 nobis
1562 4939 1709 5009 juste
1739 4948 1791 4993 et
1842 4941 2034 4995 leniter
2064 4942 2427 5011 vituperatum
2458 4942 2549 5011 qui
2581 4940 2869 4996 defendere
2918 4942 3265 5009 studuerunt,
3314 4958 3534 5013 operam

309 5036 365 5080 et
393 5028 571 5082 oleum
598 5030 948 5099 perdiderunt
986 5049 998 5083 :
1034 5037 1086 5085 et
1133 5032 1373 5100 ipsorum
1408 5032 1713 5102 ignorantia
1757 5049 1964 5101 earum,
1995 5036 2061 5090 de
2105 5036 2304 5105 quibus
2339 5037 2618 5105 agebatur,
2664 5051 2846 5092 rerum
2894 5036 3099 5091 factum
3150 5045 3234 5092 est
3260 5044 3321 5090 ut
3373 5052 3533 5106 quam

310 5120 517 5175 iustum
542 5130 594 5176 et
616 5138 800 5177 verum
826 5123 988 5178 fuerit
1011 5124 1269 5178 iudicium
1299 5133 1569 5187 nostrum,
1596 5127 1714 5180 lucc
1742 5128 1946 5183 clarius
1984 5135 2471 5183 commonstratum
2502 5130 2593 5185 sit.

380 5235 425 5286 Α
457 5235 612 5289 nobis
637 5235 771 5289 nihil
800 5237 1061 5291 omissum
1103 5246 1408 5291 erratnmve
1437 5252 1560 5293 esse
1586 5254 1693 5292 non
1727 5238 2206 5308 affirmaverimus;
2239 5242 2435 5295 etenim
2485 5242 2735 5297 homines
2767 5259 2956 5298 sumus
2986 5250 3039 5298 et
3069 5244 3291 5298 humani
3336 5245 3471 5299 nihil
3506 5260 3534 5297 a

307 5326 471 5381 nobis
504 5326 736 5380 alienum
768 5335 1041 5397 putamus.
1077 5326 1182 5381 Sed
1213 5328 1568 5382 omissionum
1613 5335 1985 5400 erratorumve
2006 5339 2316 5384 nostrorum
2356 5346 2464 5400 quo
2490 5330 2699 5387 facilius
2729 5333 2939 5387 veniam
2970 5348 3000 5386 a
3030 5333 3323 5388 lectoribus
3354 5334 3525 5403 impc-

307 5430 542 5484 tremus,
576 5437 669 5476 eos
701 5431 916 5493 rogatos
942 5422 1173 5476 velimus
1199 5429 1258 5475 ut
1283 5436 1473 5477 secum
1510 5429 1779 5490 reputent,
1813 5436 1957 5476 nunc
1988 5422 2201 5475 demum
2232 5434 2419 5477 nostra
2440 5438 2603 5493 opera
2637 5423 2835 5478 factum
2856 5439 2976 5479 esse
3002 5432 3062 5478 ut
3095 5424 3226 5495 quid
3258 5441 3446 5480 revera
3474 5426 3533 5481 in

384 5556 590 5629 (“Nos
617 5558 700 5629 usi
748 5574 937 5613 sumus
961 5557 1220 5629 _secunda
1260 5557 1502 5629 editione
1549 5557 1861 5629 Ottoniana,
1972 5560 2289 5628 simpliciter
2314 5561 2424 5614 haec
2456 5561 2706 5614 litterisl.
2734 5561 2771 5614 ι.
2792 5561 3166 5617 indicavimus.
3187 5562 3534 5622 Variantibus

312 5627 535 5695 de‘qua,
572 5636 630 5681 ut
660 5628 726 5681 de
774 5629 910 5681 libro
959 5627 1170 5680 Tatiani
1221 5628 1289 5680 ab
1317 5629 1504 5682 eodem
1560 5629 1706 5681 edito
1735 5627 1865 5695 quid
1974 5627 2299 5683 lectionibus
2334 5630 2579 5684 codicum
2616 5631 2669 5683 in
2706 5629 2919 5686 Ottonis
2950 5648 3106 5686 usum
3142 5649 3286 5688 nunc
3317 5635 3532 5689 demum

314 5698 658 5769 sentiendum
689 5699 1003 5769 δίε-ραιξοίδῄ
1018 5698 1381 5766 explicuimus
1403 5700 1465 5769 in
1488 5697 1681 5769 Annal.
1710 5698 1864 5769 theol.
1975 5698 2293 5751 collatorum
2332 5715 2456 5752 raro
2490 5701 2578 5753 usi
2605 5715 2793 5753 sumus
2814 5741 2828 5762 ,
2860 5717 3029 5769 quum
3074 5702 3128 5754 in
3162 5704 3229 5756 iis
3261 5704 3392 5757 nihil
3421 5704 3532 5760 fere

321 5764 638 5841 andobon._,
671 5775 713 5819 t.
744 5764 834 5827 Vl,
874 5764 1118 5841 fascicul.
1153 5783 1237 5827 lll,
1282 5784 1334 5835 p.
1364 5767 1637 5841 445-469;
1665 5768 1717 5817 in
1750 5767 1870 5833 qui-
1977 5769 2119 5841 quod
2162 5785 2270 5821 non
2300 5770 2352 5823 in
2397 5769 2678 5825 codicibus
2711 5764 2926 5841 quoque
2956 5787 2986 5825 a
3015 5772 3172 5827 nobis
3201 5774 3413 5829 collatis
3448 5775 3532 5830 in-

312 5834 418 5890 bus
448 5852 567 5906 qua:
589 5836 732 5889 dicta
764 5843 890 5886 sunt
924 5837 1025 5888 hoc
1056 5838 1173 5889 loco
1210 5834 1497 5906 repetenda
1516 5839 1673 5889 nobis
1698 5844 1868 5899 erant,
1978 5838 2242 5893 veniatur.

627 5930 894 5991 Ρηιιοι..
941 5930 1058 5991 Gn.
1116 5930 1222 5991 Vl.

3172 5936 3247 5999 5's
