3984 6256
484 414 639 467 ’λιῗυῖ
1695 408 1979 465 JOANNIS
2018 408 2057 463 Η

2183 408 2296 465 υει
2332 407 2562 464 Νοιτε
3622 406 3756 460 1708

506 527 783 584 codicibus
815 527 947 583 insit
971 535 1123 582 certo
1139 534 1368 582 constet.
1400 527 1569 581 Porro
1600 528 1989 597 cogitentquot
2015 527 2122 581 loci
2151 541 2180 579 a
2216 526 2377 581 nobis
2405 525 2623 581 demum
2654 524 2942 580 'emendatl
2963 532 3017 580 et
3043 533 3193 580 recte
3220 522 3479 594 explicati
3510 524 3624 579 sint
3649 524 3754 593 (2),

480 628 553 677 et
580 636 674 675 eos
702 622 797 690 qui
823 620 1000 675 adhuc
1033 618 1417 675 emendatione
1444 629 1621 689 egent.
1653 618 1909 674 adhibitis
1942 618 2286 673 variantibus
2315 618 2474 673 codd.
2511 616 2846 672 lcetionibus
2878 632 2906 670 a
2930 617 3089 671 nobis
3120 618 3323 681 allatis,
3355 616 3575 673 facilius
3594 634 3757 688 quam

498 714 784 781 hucusque
814 710 1093 767 emendari
1129 726 1310 783 posse.
1343 708 1615 765 Praeterea
1644 711 1819 765 sciant
1855 711 2013 765 nobis
2049 725 2195 764 nunc
2224 718 2442 779 tempus
2469 708 2711 765 defuisse
2733 725 2761 763 a
2794 710 2974 780 capite
3005 708 3071 763 ad
3098 710 3326 773 calcem,
3356 716 3415 763 ut
3450 710 3631 773 aiunt,
3658 712 3758 769 bos

496 804 797 873 scriptores
830 802 1165 872 perlegendi,
1201 809 1259 854 ut
1286 802 1329 856 si
1358 800 1487 871 quid
1523 800 1659 855 forte
1690 802 1931 855 nondum
1975 801 2324 857 emendatum
2355 808 2612 871 recteque
2664 802 2994 872 explicatum
3025 808 3120 855 aut
3141 808 3460 870 corruptum
3487 816 3618 855 esse
3650 820 3756 859 non

496 898 845 960 perspectum
875 897 980 951 est,
1021 888 1465 952 emendaremus,
1508 897 1656 943 recte
1693 889 2117 958 explicaremus,
2166 888 2550 959 corruptiones
2599 890 2857 943 nondum
2901 889 3312 945 animadversas
3351 889 3753 960 detegeremus.

495 985 744 1055 Denique
790 984 1230 1040 obliviscendum
1262 999 1373 1040 non
1418 991 1500 1039 est
1528 1001 1628 1040 nos
1662 986 1720 1039 in
1750 1000 1942 1055 campo
1972 1000 2003 1038 a
2029 991 2110 1040 tot
2141 984 2275 1039 viris
2299 985 2477 1041 doctis
2512 987 2626 1057 jam
2671 989 2823 1041 culto
2853 988 3264 1052 allaboravisse,
3300 1000 3353 1042 et
3396 996 3574 1043 totum
3611 989 3755 1043 hunc

490 1086 810 1148 apparatum
833 1078 1085 1130 criticum
1116 1077 1257 1131 intra
1287 1091 1584 1147 paucarum
1610 1077 2010 1131 hebdomadum
2038 1076 2273 1147 spatium
2292 1093 2322 1133 e
2346 1078 2622 1133 variarum
2651 1079 2949 1133 editionum
2984 1080 3341 1150 marginibus,
3363 1080 3420 1134 in
3435 1080 3638 1151 quibus
3661 1095 3753 1134 va-

491 1170 700 1225 riantes
730 1169 981 1224 codicum
1014 1169 1276 1225 lectiones
1300 1171 1430 1225 olim
1463 1169 1944 1235 adnotaveramus,
1978 1170 2271 1226 collectum
2308 1178 2364 1227 et
2393 1172 2451 1226 in
2490 1171 2739 1226 ordinem
2771 1171 3040 1241 digestum
3063 1186 3207 1226 esse.

561 1284 836 1340 Prmfandi
871 1284 1030 1339 finem
1075 1286 1184 1341 iam
1216 1284 1415 1341 facturi
1462 1301 1720 1357 rogamus
1759 1292 1980 1340 nostros
2019 1286 2252 1343 lectores
2289 1294 2348 1340 ut
2396 1301 2593 1341 novam
2637 1285 2906 1340 librorum
2945 1300 2975 1337 a
3008 1283 3108 1340 SS.
3155 1283 3362 1340 Basilio
3391 1294 3446 1339 et
3488 1283 3745 1355 Gregorio

489 1377 835 1435 Nazianzeno
868 1380 1311 1453 conscriptorum
1336 1379 1636 1438 editionem
1682 1382 1871 1437 multis
1903 1382 2083 1439 modis
2114 1390 2339 1437 auctam
2371 1398 2497 1438 mox
2532 1396 2562 1436 a
2590 1382 2753 1437 nobis
2792 1382 2847 1437 in
2881 1382 3059 1437 lucem
3092 1379 3450 1437 emittendam
3487 1380 3745 1437 benevolo

488 1472 790 1544 excipiant.

555 1610 782 1669 Parisiis
829 1627 881 1667 a.
917 1612 972 1670 d.
1004 1613 1211 1671 lIlKal.
1248 1615 1469 1673 sextiles
1494 1614 1858 1672 MDGGCLVI.

916 1886 1221 1958 Explicatio
1256 1890 1535 1958 scriptura:
1568 1892 1990 1962 compendiariam
2023 1896 2209 1966 quibus
2241 1898 2296 1951 in
2337 1899 2716 1953 commentario
2746 1898 2933 1953 tritico
2958 1896 3055 1951 ἀιὶ
3089 1912 3290 1951 sumus.

548 2138 637 2209 Af.
672 2147 767 2195 aut
793 2138 885 2209 Af,
922 2140 957 2195 i.
980 2154 1029 2196 e.
1061 2141 1184 2195 cod.
1216 2138 1261 2194 Α
1292 2156 1324 2195 a
1357 2141 1533 2212 prima
1557 2158 1725 2201 manu
1748 2144 1998 2205 fortasse.

547 2232 696 2298 AaL,
728 2231 767 2287 i.
789 2246 840 2287 e.
875 2231 999 2287 cod.
1039 2230 1085 2285 A
1113 2232 1181 2287 ab
1211 2232 1318 2287 alia
1351 2247 1541 2288 manu.

547 2327 652 2393 Me,
685 2330 723 2384 Ξ.
754 2343 805 2383 e.
846 2343 1034 2399 margo
1052 2328 1322 2383 exterior.

542 2418 644 2483 Mi,
678 2418 716 2471 i.
742 2433 792 2473 e.
830 2433 1019 2489 margo
1048 2418 1295 2473 interior.

547 2510 673 2568 Fin.
713 2528 871 2577 νει-δη
904 2512 942 2567 i.
967 2526 1017 2567 e.
1052 2510 1177 2569 finis
1216 2527 1431 2569 versus.

541 2607 713 2671 Scrw,
742 2604 780 2658 i.
812 2619 865 2660 e.
901 2604 1205 2677 scripturae.

542 2701 693 2767 Enn,
734 2702 772 2757 i.
801 2716 852 2758 e.
882 2700 1191 2757 emendavit
1224 2709 1317 2754 aut
1348 2698 1697 2757 emendatum
1728 2707 1834 2757 est.

539 2795 684 2862 Scr.,
714 2792 754 2848 ἱ.
777 2808 829 2851 e.
864 2792 1119 2863 scripsit;
1157 2809 1341 2858 scrm.,
1373 2793 1411 2848 i.
1439 2808 1490 2849 e.
1523 2793 1806 2864 scriptum.

539 2890 660 2958 Sp.,
702 2895 797 2943 aut
823 2902 990 2959 super
1022 2896 1113 2941 aut
1142 2886 1555 2958 superscripsit.

538 2983 770 3048 Inscrio,
797 2984 835 3039 i.
860 2997 910 3038 e.
948 2981 1258 3053 inscriptio.

538 3077 657 3143 Lr.,
696 3074 829 3138 (ras,
866 3074 991 3138 lrm,
1023 3072 1063 3127 i.
1087 3088 1138 3128 e.
1165 3072 1379 3136 litterae,
1410 3071 1646 3135 litteras,
1679 3071 2009 3125 litterarum.

544 3170 643 3241 Sp.
675 3185 814 3233 vac.,
849 3167 886 3221 i.
912 3183 963 3222 e.
1005 3167 1243 3237 spatium
1278 3180 1535 3221 vacuum.

538 3283 659 3339 Alia
690 3280 977 3352 scripturae
1005 3278 1327 3352 compendia
1361 3281 1533 3337 lector
1572 3279 1690 3350 ipse
1725 3276 1889 3332 facile
1924 3272 2198 3346 expediet.

536 3553 612 3622 ξε)
640 3552 897 3609 Lectores
919 3552 1136 3617 sciant,
1170 3567 1272 3608 nos
1295 3550 1518 3620 saepius
1563 3550 2041 3622 etiam_variantes
2151 3561 2230 3602 se.
2263 3544 2452 3622 Sciant
2488 3542 2653 3622 etiam
2694 3542 3212 3622 lectoresnotasjn
3246 3546 3462 3622 Marani
3486 3550 3697 3606 animad

465 3614 724 3684 lectiones
769 3638 957 3679 eorum
1007 3614 1273 3689 locorum,
1323 3614 1462 3691 quas
1512 3630 1655 3675 recte
1703 3617 1976 3691 Maranusg
2010 3633 2041 3674 e
2147 3616 2429 3691 versiones
2458 3614 2690 3678 additas,
2722 3630 2845 3691 qua:
2892 3615 3087 3673 litteris
3126 3615 3226 3673 En.
3263 3619 3540 3691 insignita
3572 3634 3724 3690 sunt,

463 3683 623 3754 codd.
655 3701 989 3765 enotaverat,
1019 3694 1075 3751 in
1109 3683 1501 3751 commentario
1528 3700 1722 3747 nostro
1751 3689 2041 3760 ascripsis-
2148 3702 2177 3743 a
2210 3687 2367 3743 nobis
2390 3701 2497 3743 non
2520 3700 2641 3744 esse
2670 3683 2964 3758 profectas.
