3984 6256
274 393 424 448 ’1ὕ29

1307 391 1785 450 (ΖΟΝΙΕΟΤΠΒΑΕ
1825 393 1913 449 ΕΤ
1954 391 2139 447 ΕΜΕΝ
2148 389 2509 448 DATIONES.

3401 400 3542 457 i750

1530 512 1641 571 an
1672 511 2151 576 AROLOGIAM
2180 512 2282 588 ;n.

371 637 609 693 Alteram
645 650 767 705 qua:
792 642 1017 690 vocatur
1052 635 1362 706 Apologiam
1391 650 1421 690 a
1457 635 1550 690 fol.
1582 636 1687 691 1-95
1713 642 1848 691 rect.
1881 640 2007 690 ante
2039 638 2184 692 med.
2211 666 2282 678 -
2315 635 2416 690 201
2456 644 2588 691 rect.
2625 635 2809 691 statim
2844 644 2968 705 post
2994 636 3115 691 init.
3144 639 3364 694 exhibet
3389 640 3455 695 C.

348 732 492 785 Insc.
522 724 950 799 τ.-αὑτοῦᾼὰγίου
999 728 1189 780 ’1ουστ.
1233 728 1523 799 φιλοσόφου
1578 729 1674 781 καὶ
1712 728 1853 799 μάρ-

1994 727 2204 797 [agnam
2261 745 2291 782 a
2325 729 2484 782 nobis
2513 728 2670 782 inibit
2712 729 2964 796 gratiam,
2997 730 3087 798 qui
3120 731 3276 785 nobis
3316 735 3543 788 meliora

282 816 445 873 τυρος
473 797 903 873 ἀπολογ-ίαᾷιξπεμρ
927 807 1030 873 etc.

352 865 469 925 Col.
509 868 634 931 441,
672 867 706 919 l.
730 867 801 921 25
833 865 884 922 si
921 868 1049 937 quid
1081 866 1422 933 mutandum,
1449 866 1576 937 χθὲς
1604 865 1679 934 δὴ
1716 866 1859 927 scri-

281 939 412 994 bere
442 945 682 994 Drzestat.

320 955 412 994 ere
442 955 682 994 ω’ξὲςιοι.
1878 976 1883 980 -

350 1006 469 1063 Col.
496 1006 621 1079 444,
650 1007 687 1059 1.
713 1008 737 1060 1
776 1014 900 1076 post
924 1007 1163 1079 ὁρμῆσαι
1190 1008 1242 1060 in
1272 1006 1378 1060 fine
1401 1019 1593 1079 versus
1621 1006 1856 1079 spatium

280 1093 514 1134 vaenum
543 1078 606 1131 ad
626 1074 899 1129 summum
932 1074 1094 1130 trium
1125 1074 1587 1142 litterarum,dein
1615 1076 1861 1145 sequitur

281 1149 519 1217 spatium
554 1161 786 1217 vacuum
816 1147 974 1217 unius
999 1162 1214 1217 versus.

355 1220 393 1271 Ι.
423 1217 490 1270 10
539 1216 678 1284 ἔγνω
720 1215 860 1285 αὕτη
891 1216 1022 1280 (Me.
1071 1216 1316 1285 ἔγνωσαν
1360 1210 1562 1286 οὗτοι),
1602 1214 1859 1284 παθήμα-

279 1303 396 1351 τος,
428 1299 556 1351 etc.,
597 1286 1123 1355 intermedia‘usque
1155 1289 1220 1342 ad
1249 1287 1353 1343 col.
1392 1287 1496 1341 445
1522 1285 1853 1355 antcpenult.

280 1358 482 1411 desunt
515 1358 566 1409 in
595 1354 657 1409 C.

356 1428 395 1481 Ι.
430 1428 489 1480 11
523 1425 590 1478 τὰ
620 1425 793 1493 διδάγ.
827 1424 1075 1479 ita-Otto.

351 1495 471 1549 Col.
499 1495 623 1560 445,
662 1497 697 1548 Ι.
730 1495 799 1549 '50
837 1514 857 1546 ς
881 1496 975 1557 Τίς
1008 1498 1040 1565 ή
1068 1496 1235 1549 αἰτία.
1273 1495 1407 1550 Tres
1446 1494 1607 1549 iidem
1640 1495 1857 1551 codices

277 1566 367 1631 τίς
402 1567 548 1620 αἰτία
574 1585 592 1618 ι
621 1565 825 1619 Marani
869 1576 994 1619 nota
1026 1568 1092 1619 ad
1128 1567 1179 1619 h.
1208 1567 1282 1633 l.;
1311 1566 1511 1621 excidit
1537 1581 1603 1619 ex
1636 1567 1737 1619 hac
1768 1567 1855 1619 ed.

277 1636 537 1706 Ceterum
569 1637 835 1706 miramur
865 1636 1211 1706 interpretes,
1241 1637 1333 1706 qui
1354 1634 1627 1689 Jusrinum
1660 1636 1858 1689 ἀνακο-

276 1705 487 1769 λούθως
542 1705 866 1761 scribentem
905 1705 1286 1773 corrigendum
1334 1706 1438 1759 sibi
1484 1714 1854 1773 sumpserunt.

277 1773 358 1849 'l_'u
381 1775 617 1849 .restitue
634 1775 802 1849 igitur
828 1775 912 1837 τίς
935 1777 967 1845 ή
988 1776 1148 1849 atria
1173 1776 1458 1849 coﬁpﬁjre,
1483 1783 1596 1849 etc.
1631 1773 1859 1849 Senten-

279 1845 353 1899 tia
381 1844 471 1899 'ita
513 1853 595 1901 est
628 1845 799 1910 finita,
846 1844 1001 1913 quasi
1039 1844 1127 1898 διὰ
1176 1845 1229 1898 τί
1276 1844 1331 1898 in
1364 1844 1534 1898 initio
1594 1846 1855 1914 scriptum

275 1923 444 1969 esset.
477 1914 729 1969 Ceterum
754 1924 876 1984 post
905 1914 1148 1969 ὲκολάσω
1171 1930 1383 1969 comma
1412 1924 1497 1968 est
1531 1914 1585 1968 in
1606 1914 1675 1984 0.

346 1985 469 2111 ξὲι.
518 1984 645 2050 448,
680 1985 718 2039 1.
755 1982 832 2039 12
890 1984 1031 2055 ξύλῳ
1064 1985 1136 2041 cf.
1181 1984 1362 2040 Wilke
1402 1984 1551 2040 Clav.
1591 1982 1668 2038 Ν.
1697 1982 1757 2038 T.
1791 1999 1851 2051 ιι,

274 2069 490 2181 p'fzis
517 2124 550 2195 ἢ
576 2124 679 2178 κᾶν
707 2125 811 2179 ὑπὸ
847 2126 919 2178 ita
948 2124 1107 2194 plane
1136 2124 1197 2178 c.

343 2195 467 2251 Col.
502 2192 705 2265 449,1.
740 2197 773 2250 5
806 2192 1026 2258 πολὺῖλ
1063 2196 1155 2263 qui
1186 2195 1225 2265 7|.
1258 2193 1289 2246 7
1314 2194 1348 2265 ἢ
1373 2196 1420 2252 εἰ
1445 2193 1682 2265 ἐντυχὼν
1717 2192 1776 2246 τὸ
1799 2194 1857 2247 ὲν

272 2266 475 2337 αὐτοῖς
498 2264 767 2337 μεγαλεξω
801 2267 833 2337 ἢ
871 2267 1067 2337 συνεὶς,
1105 2264 1240 2335 πρὸς
1268 2264 1376 2320 etc.

342 2337 381 2416 1.
529 2334 867 2416 προτοιθένκέα
903 2334 965 2416 C:

341 2406 378 2459 1.
420 2405 491 2459 19
525 2404 631 2458 τῶν
660 2408 759 2475 ἡμ.
793 2420 905 2460 om.
941 2404 1006 2459 C.

342 2476 381 2529 ι.
419 2476 493 2546 25
527 2475 601 2546 μὴ
630 2475 685 2528 δὲ
713 2476 774 2527 τὸ
802 2475 865 2528 c.

343 2546 380 2600 1.
414 2544 489 2617 25
514 2541 690 2617 scribe
717 2544 1069 2617 προσεμένςῳ
1092 2546 1173 2599 vel
1196 2544 1566 2617 προθεμένῳ;
1586 2542 1660 2601 cf.
1696 2541 1859 2598 huius

270 2617 359 2672 ed.
394 2616 506 2669 col.
547 2615 705 2679 1249,
735 2625 846 2668 not.
888 2617 937 2669 1.
975 2615 1203 2670 Marani.

338 2685 466 2770 9.0!-
508 2684 633 2770 ;es
661 2687 706 2770 ,ιο
735 2685 809 2770 2.9
838 2685 1145 2770 eam»
1168 2685 1236 2770 ,οι

342 2756 466 2810 Col.
497 2755 623 2814 455.
660 2757 697 2809 l.
728 2757 795 2809 15
819 2756 891 2809 cf.
929 2755 1075 2809 Scin.
1108 2756 1205 2816 1.Ι,
1233 2772 1295 2819 1,,
1331 2772 1386 2824 p.
1416 2755 1521 2808 278
1548 2769 1703 2823 seqq.

342 2826 383 2879 1.
424 2825 496 2879 14
527 2828 676 2879 ἐκοσ.
710 2827 801 2878 καὶ
830 2827 947 2878 ὲκτ.
979 2825 1041 2889 C,
1081 2827 1174 2879 sed
1206 2842 1321 2879 cor.
1350 2828 1486 2894 ipse.

342 2896 382 2949 l.
420 2896 495 2948 25
524 2896 598 2957 ὡς
628 2898 720 2948 καὶ
748 2896 842 2947 νῦν
868 2910 991 2950 con.
1020 2894 1164 2949 Otto.

344 2965 470 3020 Col.
498 2964 627 3026 456,
658 2966 692 3018 1.
724 2966 756 3016 8
787 2966 1097 3027 accedimus
1127 2963 1194 3017 ad
1228 2965 1405 3019 locum
1438 2963 1728 3017 diﬂicilem.
1753 2961 1855 3027 Qui

271 3037 319 3093 si
356 3043 651 3101 corruptus
699 3044 941 3098 nonest,
976 3036 1079 3087 hoc
1125 3044 1335 3088 tantum
1382 3034 1545 3087 modo
1595 3031 1857 3099 explicari

309 3114 457 3159 otest
483 3122 497 3157 :
532 3106 560 3156 ὃ
585 3104 699 3172 (sc.
728 3102 788 3154 τὸ
816 3119 907 3156 σπ.
934 3102 1043 3155 τῶν
1064 3104 1177 3172 χρ.)
1201 3103 1464 3172 γινώσκει
1493 3102 1595 3172 (sc.
1627 3104 1654 3153 ὁ
1684 3101 1858 3172 Θεὸς),

310 3194 355 3229 ει
384 3176 488 3243 (sc.
516 3174 576 3225 τὸ
596 3170 828 3242 Ἵσπέρμα
876 3172 1017 3243 etc.)
1045 3170 1193 3243 ὲντῇ
1216 3170 1385 3241 φύσει
1414 3171 1608 3243 (ς-..τῷ
1636 3170 1859 3243 κόσμῳ-)

267 3239 446 3326 αττεόν
488 3246 603 3296 ἐστι
646 3239 766 3326 ise.
809 3241 901 3294 τοῦ
938 3242 1117 3326 αιξςὸν.
1148 3239 1197 3295 ,ἶ
1231 3239 1266 3297 i.
1303 3259 1351 3326 ς.
1384 3239 1473 3294 τὸν
1490 3239 1698 3326 ῥξδν)..

270 3315 503 3385 ποιῆσαι
533 3331 584 3366 τ.
606 3309 839 3385 σύγχ.κ.
867 3312 1057 3385 κατάλ.
1092 3329 1142 3364 τ.
1170 3331 1229 3365 π.
1262 3313 1487 3381 κόσμου.
1523 3311 1629 3364 Sed
1668 3309 1860 3379 quovis

271 3383 505 3456 pignore
552 3384 969 3456 contendamus,
1016 3383 1195 3456 locum
1251 3399 1371 3456 csse
1432 3392 1751 3456 corruptum
1792 3387 1857 3456 _et

271 3446 675 3509 emendandum
711 3468 832 3507 esse
882 3452 962 3504 ὅτι
1010 3451 1075 3505 τὸ
1127 3454 1353 3507 ὶατικόν
1386 3461 1480 3504 aut
1521 3446 1864 3503 td'dlactdw

270 3527 425 3578 ἐστιν
483 3524 537 3577 id
604 3522 751 3591 quod
800 3530 1119 3589 conservat,
1170 3523 1426 3575 l’élément
1470 3528 1859 3574 conservateur.

442 945 682 1008 prastat.

1852 3662 1922 3674 ——

1963 800 2224 852 attulerit.
2272 799 2525 852 Ceterum
2558 799 2824 852 miramur
2878 802 3023 867 quod
3067 800 3160 868 qui
3210 800 3461 855 Ottonem
3509 820 3539 856 τι

1960 868 2119 922 nobis
2151 884 2273 922 eum
2303 869 2418 921 iure
2462 878 2515 922 et
2544 868 2737 922 leniter
2773 868 3208 936 vituperantibus
3250 869 3544 925 defendere

1960 936 2165 991 frustra
2197 939 2376 991 conati
2413 947 2561 999 sunt,
2608 938 2989 991 huiuscemodi
3043 939 3193 992 locos
3250 956 3359 993 non
3394 956 3545 993 sum-

1960 1007 2136 1079 psisse
2166 1009 2271 1063 sibi
2290 1008 2655 1079 explicandos
2678 1017 2731 1061 et
2756 1008 3152 1079 emendandos,
3189 1010 3283 1063 sed
3316 1010 3460 1079 quod
3489 1012 3543 1063 in

1959 1075 2241 1141 futilibus,
2289 1077 2343 1130 in
2374 1075 2593 1145 quibus
2644 1087 2699 1131 et
2752 1078 2884 1146 ipsis
2935 1088 3290 1144 erraverunt,
3335 1075 3542 1134 haerere

1960 1147 2270 1216 voluerunt.
2304 1146 2459 1212 Quod
2494 1163 2558 1200 eo
2593 1148 2766 1216 magis
2814 1148 3121 1200 mirandum
3158 1158 3263 1211 est,
3297 1164 3421 1202 cum
3470 1152 3545 1203 ita

1958 1215 2126 1270 locuti
2153 1218 2282 1279 sint,
2308 1216 2464 1284 quasi
2490 1218 2645 1285 plura
2671 1215 2895 1285 possent
2924 1215 3186 1284 proferre,
3212 1234 3332 1287 qure
3360 1228 3543 1272 tamen

1960 1301 2070 1340 non
2104 1288 2467 1355 protulerunt,
2497 1302 2844 1356 quamquam
2883 1287 3103 1356 occasio
3153 1287 3206 1339 id
3249 1288 3542 1356 praestandi

1958 1366 2081 1478 tau;
2106 1354 2251 1410 bona
2300 1367 2436 1409 erat.
2494 1354 2748 1411 Ceterum
2790 1354 2862 1411 cf.
2912 1354 3060 1410 Scm.
3092 1357 3128 1409 1.
3165 1357 3201 1408 Ι.
3232 1354 3290 1422 Ii,
3330 1374 3383 1426 p.
3417 1358 3545 1425 475,

1960 1440 2016 1478 n.
2090 1464 2104 1477 .

1960 1440 2016 1478 Π.
2047 1440 2104 1478 'Z.

2029 1495 2146 1566 ροι.
2179 1495 2306 1566 457,
2340 1494 2450 1566 1.ᾃό
2482 1511 2540 1566 ’ξε
2563 1494 2680 1566 Ᾱτῶν
2714 1495 2896 1566 μερῶν
2919 1495 3011 1547 καὶ
3038 1494 3125 1566 sta:
3156 1495 3249 1549 τοῦ
3271 1495 3334 1550 C.

2030 1563 2147 1619 Col.
2204 1564 2332 1629 460,
2388 1564 2425 1617 1.
2487 1565 2520 1617 6
2554 1563 2885 1635 βραχυετὲοῖς
2932 1568 3002 1630 C,
3041 1565 3143 1619 Me.
3193 1566 3416 1637 βραχέσι
3458 1567 3546 1621 λό-

1998 1651 2097 1697 οις.

1961 1651 2171 1759 γοῖῗέε
2205 1703 2277 1759 cf.
2311 1702 2459 1759 Sem.
2491 1704 2529 1757 ι.
2558 1704 2598 1759 ι.
2633 1720 2692 1769 ιι,
2727 1720 2779 1773 p.
2813 1704 2940 1768 410,
2975 1721 3030 1757 η.
3060 1704 3116 1759 2.

2029 1773 2150 1830 Col.
2199 1774 2324 1837 461,
2360 1776 2394 1828 l.
2428 1774 2464 1826 2
2498 1790 2613 1843 seq.
2672 1775 2940 1843 φαύλους·
2986 1776 3138 1843 καὶ..
3164 1814 3176 1827 .

1959 1843 2052 1897 καὶ
2078 1846 2171 1915 ὄμ.
2199 1886 2212 1899 .
2238 1884 2253 1897 .
2283 1842 2534 1915 ποιητὰς,
2564 1842 2698 1915 παρ.
2734 1846 2809 1897 ita
2851 1846 3048 1915 interp.
3085 1842 3146 1897 C.

1993 1916 2030 1968 Ι.
2066 1913 2132 1968 10
2165 1914 2391 1984 ἐπείσθη
2419 1930 2485 1967 ex
2514 1913 2766 1984 Sylburg.
2796 1929 2941 1968 com.
2975 1913 3139 1984 Goez,
3180 1929 3233 1969 et
3264 1918 3407 1969 Otto.

2029 1985 2064 2037 l.
2098 1986 2167 2038 15
2197 1986 2255 2036 ὲν
2294 1982 2628 2037 πάντιεήίιι
2658 1982 2875 2052 quovis,
2906 1993 2965 2037 ut
2996 1994 3049 2037 et
3088 1982 3214 2038 Otto
3248 1988 3398 2039 vidit.

2034 2055 2068 2108 l.
2101 2055 2173 2107 20
2199 2054 2361 2123 λόγου
2414 2056 2731 2125 κατασκευή
2782 2063 2929 2109 recte
2958 2052 3291 2122 Pearsonus,
3342 2055 3549 2121 Brauu,

3232 1775 3510 1842 πολιτείας
3528 1790 3545 1809 ο

1884 2086 1928 2142 Β
2034 2086 2068 2108 ι.
2104 2086 2173 2107 ..υ
2201 2086 2247 2107 ..ι

1964 2123 2112 2187 Otto,
2140 2134 2247 2178 etc.

2031 2196 2067 2249 1.
2098 2194 2170 2247 25
2204 2192 2646 2263 ξενοφὼτειονῼ,
2681 2192 3067 2261 ξενοφωντείον
3102 2192 3337 2261 Thirlh.,
3369 2192 3517 2251 Otto.

2033 2265 2070 2334 1.
2107 2264 2176 2317 40
2208 2262 2533 2334 πεπυσμὲνα
2558 2262 2668 2334 Me.
2690 2263 2753 2334 (Σ.

2032 2333 2148 2387 Col.
2190 2334 2316 2397 464,
2350 2331 2451 2387 1.”4
2482 2332 2711 2385 καὶτῶν
2734 2332 2890 2403 ἀνθρ.
2924 2332 3033 2384 τῶν
3056 2331 3201 2389 Οιιο.

2030 2403 2067 2456 1.
2103 2404 2136 2456 5
2165 2403 2231 2472 ἐφ
2267 2405 2391 2473 (hic
2434 2412 2541 2473 aut,
2578 2418 2772 2456 rasura
2813 2402 2977 2456 unius
3034 2403 3227 2457 littera:
3257 2413 3351 2457 aut
3396 2404 3555 2461 locus

1961 2473 2103 2527 male
2135 2472 2353 2527 habitus
2383 2472 2642 2540 membr.)
2676 2488 2815 2523 ασαν
2847 2473 2909 2525 C.

2026 2543 2069 2622 l.
2104 2542 2134 2592 ’7
2169 2544 2324 2598 ὑπολ.
2356 2543 2468 2596 δει·
2520 2558 2607 2608 π.,
2648 2550 2778 2609 etc.,
2812 2541 2886 2596 ita
2921 2541 2994 2604 C,
3032 2542 3127 2611 qui
3170 2543 3292 2597 dein
3324 2543 3420 2596 τοῦ
3460 2544 3557 2598 καὶ

1960 2629 2053 2665 του
2088 2630 2145 2667 (Ω.

2030 2630 2147 2736 ἔξῗῖ
2182 2684 2308 2749 465,
2336 2682 2372 2736 ι.
2409 2682 2481 2735 24
2513 2681 2672 2754 δόξης
2694 2699 2828 2754 χχρ.
2847 2681 2924 2754 Ac.

2034 2753 2073 2809 Ι.
2104 2753 2173 2806 52
2215 2754 2464 2806 ἇπωττον
2499 2753 2538 2806 0
2563 2792 2577 2816 ,
2618 2751 2676 2805 ut
2711 2751 2933 2820 Steph.,
2966 2761 3135 2807 ceter.
3184 2751 3259 2808 cf.
3293 2752 3456 2807 Davis
3486 2754 3553 2808 ad

1963 2822 2077 2903 Cic.
2110 2822 2333 2903 De_nat.
2363 2824 2525 2903 deor.‘
2547 2839 2585 2903 ξ,
2619 2823 2689 2903 LA
2710 2820 3045 2903 e‘t-Hesych.
3077 2823 3130 2903 in
3174 2840 3225 2875 ν.
3258 2823 3553 2903 ᾷεττοπτος,

1961 2892 2053 2961 qui
2093 2893 2237 2960 expl.
2260 2910 2338 2939 :
2358 2891 2629 2963 ἀσφαλής,
2664 2890 2880 2959 βέϐαιος
2909 2890 2963 2945 et
3002 2902 3150 2946 recte
3179 2894 3424 2960 quidem.

1966 3029 1999 3041 Λ
2035 2961 2153 3041 (ξρι.
2177 2960 2305 3041 468,
2340 2961 2374 3013 l.
2496 2959 2870 3041 οἱπαρὰ-ᾳὶη.
2894 2962 3070 3041 ultimi
3102 2976 3245 3041 vers.
3273 2960 3368 3014 fol.
3396 2961 3556 3031 recti)

1961 3029 2024 3091 C,
2054 3029 2156 3083 Me.
2187 3031 2219 3100 ἢ
2258 3047 2372 3099 παρ
2399 3029 2700 3098 (abscissus
2728 3031 2923 3100 hicest
2948 3031 3185 3099 margo.)

2033 3099 2070 3152 l.
2100 3100 2164 3152 14
2195 3098 2274 3164 ea;
2303 3098 2355 3152 τ.
2389 3117 2443 3167 γ.
2481 3118 2531 3153 τ.
2568 3100 2723 3169 ἀνθρ.
2753 3098 2929 3153 ταῦτα
2960 3098 3176 3154 induxit
3206 3098 3350 3154 Otto.

2033 3169 2067 3221 Ι.
2098 3169 2169 3222 20
2200 3171 2279 3235 ὡς
2309 3171 2374 3223 ὲκ
2400 3169 2519 3232 τοῦ,
2551 3169 2786 3223 induxit.
2826 3170 2974 3224 Otto.

2034 3239 2149 3295 Col.
2188 3240 2316 3306 469,
2350 3242 2385 3293 Ι.
2423 3241 2444 3292 1
2483 3241 2828 3310 ὀρχηστικοῖς
2854 3249 3174 3310 corruptum
3219 3248 3323 3294 est.
3358 3236 3557 3293 Conie-

1967 3309 2151 3363 cimus
2174 3310 2212 3362 1.
2246 3310 2285 3362 l.
2317 3309 2721 3379 ὀργιαστικοῖς
2752 3309 3037 3379 legendum
3069 3324 3211 3364 esse.

2039 3380 2074 3432 l.
2110 3378 2139 3430 7
2168 3381 2315 3449 ἡμᾶς
2343 3376 2415 3446 (ἐξ
2439 3386 2683 3433 ceterum
2707 3378 2779 3433 cf.
2814 3376 2996 3433 Vales.
3032 3381 3098 3433 ad
3129 3379 3325 3433 Euseb.
3376 3376 3447 3430 Η.
3484 3376 3551 3434 Ε.

1971 3465 2046 3514 ιν,
2075 3449 2164 3502 17.
2192 3448 2295 3503 ⁷Αο
2338 3457 2573 3504 sentent.
2605 3448 2677 3504 cf.
2721 3450 2877 3518 Apol.
2908 3466 2948 3518 ι,
2981 3464 3032 3505 c.
3055 3450 3088 3503 8
3118 3460 3174 3504 et
3207 3449 3436 3504 Tertull.
3485 3449 3555 3502 ad

1973 3518 2220 3589 Scapul.,
2248 3535 2297 3574 c.
2340 3521 2388 3573 1.
2894 3568 2895 3573 η

1070 3728 1177 3788 AD
1236 3725 1665 3787 DIALOGUM
1710 3725 1872 3787 CUM
1934 3725 2377 3786 TRYPHONE
2434 3725 2742 3788 JUD/EO.

340 3830 505 3886 Hunc
529 3829 731 3885 Justini
754 3829 961 3884 librum
984 3845 1013 3882 a
1046 3828 1136 3883 fol.
1168 3827 1239 3884 50
1265 3836 1398 3881 rect.
1428 3827 1595 3899 med.,
1624 3843 1797 3896 usque
1822 3828 1888 3884 ad
1914 3829 2017 3882 195
2055 3836 2186 3883 rect.
2218 3835 2440 3899 statap.
2482 3828 2603 3882 init.
2635 3827 2676 3882 C
2705 3828 2959 3893 exhibet.
3000 3829 3353 3899 Singulorum
3403 3842 3557 3899 qua?-

270 3904 487 3959 stiones
520 3910 572 3955 et
610 3902 994 3969 responsiones
1022 3899 1133 3954 fere
1164 3914 1377 3968 semper
1401 3898 1574 3967 spatio
1605 3899 1789 3967 aliquo
1815 3907 2136 3969 separantur
2164 3906 2219 3952 et
2243 3898 2297 3951 in
2324 3896 2409 3954 Me
2433 3899 2520 3953 cui
2549 3899 2763 3969 singula
2791 3896 3136 3955 attribuenda
3166 3901 3296 3965 sint,
3331 3896 3556 3954 nomine

273 3973 397 4027 eius
444 3972 735 4027 indicatur.

350 4067 526 4137 Inscr.
556 4082 606 4137 τ.
643 4065 735 4137 ἁγ.
754 4067 944 4137 ’1ουσξ.
974 4064 1285 4137 φιλοσόφου*
1313 4064 1407 4137 καὶ
1444 4063 1717 4137 μάρτυρος
1756 4081 1851 4137 πρ.

278 4134 553 4205 Τρ.Ὶουδ.
586 4135 853 4204 διάλογος.
881 4134 1134 4189 Ceterum
1164 4135 1236 4189 cf.
1274 4134 1309 4187 l.
1345 4136 1391 4205 1.
1421 4134 1581 4203 quem
1615 4134 1721 4188 iam
1762 4134 1855 4189 su—

279 4204 377 4272 pra
406 4205 813 4259 uominavimus
856 4220 1139 4259 censorem
1181 4205 1311 4259 edit.
1359 4204 1546 4258 Otton.
1580 4206 1768 4273 prima
1800 4213 1856 4260 et

281 4273 405 4327 libri
432 4290 463 4327 a
495 4273 780 4329 Semischo
805 4275 872 4330 de
901 4273 1142 4340 Justino,
1167 4283 1297 4339 etc.,
1325 4274 1638 4343 conscripti.

350 4364 470 4419 Col.
510 4366 633 4438 476,
666 4367 704 4438 1.
734 4366 769 4419 2
808 4366 1089 4438 ηὐχόμεθα
1112 4365 1175 4429 C,
1208 4368 1303 4421 sed
1326 4364 1409 4419 Me
1437 4382 1497 4438 su
1518 4366 1705 4438 solum
1738 4366 1857 4438 sine

281 4444 505 4513 accentu
535 4437 754 4513 exhibet
777 4436 923 4513 quod
953 4436 1042 4513 ad
1075 4438 1304 4505 primam
1337 4437 1488 4508 verbi
1516 4436 1660 4491 illius
1694 4437 1856 4507 sylla-
1885 4438 1930 4495 D
1958 4441 2097 4496 male
2141 4440 2327 4495 habito
2355 4456 2545 4509 scrm.,
2582 4458 2665 4513 sp.

276 4505 403 4558 bam
440 4506 584 4559 haud
610 4507 774 4561 dubie
796 4507 1141 4562 referendum
1166 4521 1269 4563 est.

356 4575 393 4647 1.
427 4575 460 4647 6
482 4576 847 4647 φοᾷουμένους
876 4577 971 4631 καὶ
1006 4575 1321 4641 ἐλπίζοντας
1348 4575 1419 4629 ita
1446 4573 1526 4629 Me
1543 4574 1604 4628 C.

352 4645 390 4709 1,
428 4645 457 4695 7
497 4645 670 4698 ταῦτά
701 4646 762 4700 C.

356 4716 393 4785 1.
429 4714 592 4785 87ml.
625 4718 683 4768 σὲ
718 4718 875 4785 plane
898 4716 960 4770 C.

356 4784 395 4865 1.
423 4784 510 4907 38d
532 4787 795 4906 ῗγεννήοη
827 4787 889 4853 C,
923 4788 1135 4843 emend.
1184 4803 1263 4839 vr.
1312 4787 1361 4839 in
1400 4786 1499 4839 hac
1521 4785 1607 4838 ed.
1641 4801 1705 4838 ex
1744 4784 1855 4838 Ma-

356 4869 399 4907 ni
517 4873 569 4907 ι.

287 4863 399 4907 rani
432 4863 569 4907 Adtl.

354 4924 627 4999 5:01.437,
659 4926 803 4999 n29
843 4920 969 4999 ᾖα,
999 4937 1054 4982 at
1086 4926 1154 4981 Mi
1180 4928 1233 4998 ἦ.

353 4992 392 5065 l_.
423 4994 493 5065 58
522 4995 654 5065 ᾕρει
688 4996 750 5051 C.

352 5062 468 5115 Col.
505 5062 632 5131 480,
666 5068 700 5120 l.
739 5068 763 5120 1
810 5065 881 5122 cf.
917 5067 1064 5122 Sem.
1095 5069 1131 5122 l.
1157 5070 1194 5124 l.
1230 5068 1269 5134 1,
1311 5072 1461 5140 p.15
1490 5084 1643 5139 seqq.

351 5152 487 5231 Col;
505 5155 634 5231 481,
668 5158 706 5211 l.
742 5159 805 5211 21
835 5174 1031 5231 neque
1073 5171 1195 5215 ante
1225 5177 1324 5216 nec
1374 5172 1496 5231 post
1526 5160 1731 5231 ὁμοίως
1772 5159 1857 5212 ἰη-

281 5230 415 5301 ἓεξτβι
448 5223 508 5286 C.
533 5230 628 5301 qui
664 5240 792 5301 post
817 5223 1097 5300 Exn-sign.
1136 5223 1395 5301 interrog:
1444 5223 1649 5300 posuit.
1688 5228 1859 5301 Porro

277 5291 417 5370 idem
452 5291 625 5352 verba
657 5291 935 5370 ἒπιστῆξιη
958 5291 1039 5362 τιξ
1080 5341 1092 5352 .
1112 5340 1128 5352 .
1152 5341 1165 5352 .
1200 5291 1400 5369 γνῶσῖν
1426 5291 1662 5366 Iustino,
1703 5300 1859 5352 verba

274 5357 459 5436 ἔπεςξτᾳ
488 5403 591 5436 ._.A-
629 5357 935 5436 tntvao'tv'
954 5357 1070 5423 seni
1103 5357 1366 5425 attribuit.

343 5430 702 5510 finitimi].
738 5430 771 5492 9
814 5439 944 5510 φησί
971 5438 1117 5493 Otto.

353 5500 394 5573 l_.
421 5502 489 5554 9.7
529 5503 598 5555 οὗ
626 5500 694 5573 Ε,
734 5500 928 5564 sed-al.
964 5529 998 5563 κ
1032 5512 1156 5564 add.

295 5566 490 5695 ddfl
525 5582 581 5629 et
612 5576 651 5632 1.
682 5566 765 5632 ’56
805 5580 923 5634 loco
971 5582 1071 5651 sig.
1122 5581 1382 5651 interrog.
1444 5579 1624 5649 Ροευῖι
1674 5586 1857 5647 Pun“-

362 5728 481 5783 Col.
498 5732 670 5796 485,].
691 5736 722 5788 8
740 5753 846 5789 παν
870 5739 959 5805 (αν
973 5748 1026 5792 et
1040 5739 1233 5807 partim
1250 5738 1354 5791 πίη
1371 5754 1479 5792 ras.
1496 5737 1685 5805 serm.)
1701 5753 1864 5806 porro

292 5811 360 5851 τι
392 5816 558 5869 sper.,
593 5807 686 5859 sed
712 5816 765 5860 et
796 5808 867 5860 ibi
906 5809 972 5862 ad
1020 5826 1053 5861 α
1098 5811 1252 5863 adest
1290 5824 1500 5877 rasura,
1534 5825 1654 5878 quae
1683 5820 1862 5863 tamen

1964 4079 2157 4135 rasura
2195 4062 2475 4135 inferioris
2509 4064 2685 4135 partis
2716 4076 2974 4120 accentus
3002 4080 3121 4121 esse
3147 4082 3229 4120 vr.

2033 4134 2071 4203 1.
2101 4135 2169 4187 59
2201 4132 2550 4203 ἀγέννητοςῖ
2573 4174 2586 4188 .
2616 4175 2630 4188 .
2663 4135 2874 4203 λέγεις;
2908 4137 3025 4191 seni
3056 4138 3235 4189 omnia
3266 4136 3457 4190 tribuit
3487 4135 3553 4191 C.

2030 4202 2147 4258 Col.
2178 4202 2375 4275 488,_I.
2411 4202 2478 4256 12
2515 4204 2599 4256 οὗ·
2631 4202 2827 4271 Emi);
2866 4221 3032 4275 supra
3074 4215 3196 4275 post
3220 4207 3377 4259 ἀθαν.
3410 4222 3554 4275 pun-

1961 4281 2107 4329 ctum
2143 4287 2262 4342 pos.
2288 4271 2432 4342 Otto.

2032 4343 2069 4397 1.
2110 4341 2174 4395 18
2213 4341 2519 4410 φανεῖσθαι,
2555 4345 2653 4397 οὐκ
2689 4344 2745 4415 (κ
2774 4344 2971 4414 partim
3012 4344 3066 4397 in
3096 4360 3287 4399 rasura
3316 4344 3399 4399 vel
3432 4344 3555 4398 loco

2717 4419 2786 4550 Ιβ
2811 4485 2824 4499 .
2861 4448 2922 4499 οὐ
2960 4444 3033 4516 μὴ
3059 4446 3101 4515 );
3143 4457 3264 4515 post
3291 4446 3390 4499 οὐκ
3421 4462 3551 4515 spa-

1961 4552 2350 4623 tiumvacuum
2373 4549 2564 4605 saltem
2588 4548 2820 4605 duarum
2856 4550 3181 4605 litterarum.
3207 4550 3260 4604 lu
3298 4548 3380 4605 Mc
3414 4550 3553 4623 legi--

1961 4636 2082 4675 mus
2110 4621 2211 4674 hoc

2640 4758 2643 4759 ,
2668 4690 2729 4741 τὺ
2754 4688 2865 4759 γάρ

2317 4759 2379 4811 οὗ
2411 4759 2484 4829 μὴ
2519 4758 2937 4829 ἀποθνήσκωσιν

2313 4830 2413 4893 ἔτι,
2446 4827 2551 4893 ἔξω
2572 4831 2670 4893 τῆς
2701 4829 2866 4893 ὀρθῆς

2314 4846 2413 4893 ετι,
2446 4846 2551 4893 εςω
2572 4847 2670 4900 της
2701 4846 2866 4901 opu-qq

2314 4899 2407 4952 τοῦ
2443 4898 2603 4967 λόγου
2645 4899 2967 4963 συντάξεως.

1964 4969 2167 5040 Textus
2197 4970 2404 5040 codicis
2435 4969 2840 5040 ἀποθνήσκουσι
2874 4970 3055 5023 habet.

2034 5041 2070 5092 l.
2103 5039 2173 5093 26
2211 5041 2312 5093 ὅσα
2339 5039 2447 5108 γὰρ
2479 5039 2641 5108 seqq.
2667 5040 2785 5093 seni
2819 5039 3008 5092 tribuit
3038 5040 3100 5094 C.

2033 5112 2070 5163 l.
2106 5110 2177 5164 55
2214 5110 2469 5163 ἀνάπλεω
2499 5109 2616 5162 sine
2644 5109 2753 5163 iota
2788 5109 2941 5164 subs.
2979 5110 3040 5163 C.

2033 5180 2150 5234 Col.
2179 5179 2305 5242 489,
2340 5180 2376 5234 l.
2412 5178 2444 5233 8
2486 5174 2622 5240 εἶτα,
2659 5190 2764 5232 etc.
2803 5177 3018 5232 Justino
3070 5178 3259 5233 tribuit
3285 5179 3346 5233 C.
3384 5178 3558 5239 Porro

1962 5251 2000 5304 l.
2028 5251 2064 5305 l.
2093 5251 2200 5303 iam
2229 5248 2637 5303 emendavimus
2664 5249 2852 5301 αἴτιον.
2893 5247 3062 5370 Εὶὲλὴ
3092 5257 3190 5320 t:
3219 5251 3320 5305 nisi
3354 5249 3533 5319 forte).

1964 5332 2070 5370 etc.
2097 5318 2181 5370 Cf.
2216 5317 2388 5370 Kueh.
2421 5318 2520 5370 1.1.
2551 5316 2616 5370 Il.
2649 5334 2701 5370 ῐ).
2738 5319 2834 5370 561
2874 5335 2925 5370 n.
3009 5360 3020 5370 .

1964 5332 2070 5375 etc.
2097 5318 2181 5374 Cf.
2216 5317 2388 5373 Kueh.
2421 5318 2456 5372 1.
2485 5318 2520 5371 l.
2551 5316 2616 5381 11,
2649 5334 2701 5386 p.
2738 5319 2834 5371 561
2874 5335 2925 5371 ιι.
2968 5316 3020 5372 6.

2036 5390 2150 5444 Col.
2183 5389 2375 5453 492ς1.
2406 5388 2476 5441 27
2515 5386 2588 5441 cf.
2621 5388 2768 5441 Sem.
2801 5389 2835 5441 l.
2870 5388 2908 5441 1.
2938 5386 3003 5453 11,
3031 5403 3083 5456 p.
3119 5386 3245 5450 201,
3279 5406 3332 5442 n.
3368 5390 3419 5441 1.

2034 5460 2071 5514 1.
2104 5460 2173 5513 ’55
2209 5459 2337 5529 πέρι
2372 5458 2498 5529 (fin.
2534 5456 2701 5529 vers.)
2730 5456 2983 5523 δέξασθαι
3020 5459 3096 5510 ita
3125 5459 3284 5526 plane
3313 5459 3376 5529 (ζ.
3409 5458 3552 5511 Por-

1965 5543 2029 5581 ro
2072 5530 2223 5583 deest
2270 5526 2531 5598 apodosis
2573 5526 2737 5598 [luitis
2784 5529 3083 5591 scntentire,
3136 5536 3259 5596 post
3293 5526 3553 5598 τύραννος

1968 5608 2120 5667 potes
2153 5599 2404 5666 supplere
2433 5597 2570 5660 δέξει
2603 5596 2762 5663 λόγον
2791 5598 2874 5649 vel
2904 5597 3082 5650 simile
3112 5598 3262 5665 quid.

2040 5668 2157 5721 Col.
2194 5667 2317 5721 497.
2346 5668 2381 5719 1.
2412 5668 2479 5719 15
2518 5667 2758 5721 Μωσέως
2792 5666 2832 5719 C
2863 5675 2921 5717 ut
2955 5682 3169 5721 semper
3196 5666 3306 5719 fere

2040 5668 2157 5721 Col.
2194 5668 2317 5733 497,
2346 5668 2381 5719 1.
2412 5668 2479 5719 15
2518 5668 2758 5728 Μωσέως
2792 5668 2832 5719 C
2863 5675 2921 5717 ut
2955 5682 3169 5733 semper
3196 5668 3326 5720 fere.

2045 5738 2083 5793 l.
2121 5738 2182 5791 17
2222 5737 2419 5806 νυνὶίδὲ
2447 5736 2687 5806 ἀνέγνων
2718 5736 2827 5806 γὰρ
2862 5730 2905 5789 ὧ
2935 5753 3024 5806 τρ.
3058 5738 3129 5791 ita
3174 5748 3320 5792 recte
3370 5733 3436 5791 C.
3475 5736 3549 5795 α.

1972 5807 2145 5863 Kueh.
2178 5808 2215 5861 l.
2246 5807 2281 5862 l.
2318 5805 2380 5875 ll,
2412 5823 2465 5877 p.
2500 5805 2624 5875 454,
2653 5820 2709 5861 n.
2740 5807 2811 5877 5.,
